2430 3958
660 169 1036 252 Historica
1093 166 1459 276 Synopfis.
1792 260 1805 266 ,ἓ
1944 194 2103 265 343*

74 295 221 346 fincero
245 289 372 336 studio
397 292 534 335 eonati
562 287 650 331 sunt
665 297 907 330 antevertere
920 312 932 324 .
958 283 1100 326 Statim

72 349 190 401 igitur
215 344 265 387 ab
278 346 454 393 *Honorii
480 356 570 385 nece
587 364 603 390 3
630 337 852 393 priusquam
878 336 948 378 illa
977 331 1098 379 divul-

74 411 231 452 garetur
259 422 276 451 3
323 397 559 450 Gregorium
624 391 731 435 tituli
772 389 908 432 Saneti
958 383 1102 438 Angeli

69 448 323 496 cardinalem
347 449 547 500 clegerunt
557 472 573 494 3
587 447 627 488 &
644 443 989 486 conclamaverunt
1000 438 1100 481 .Cae.

7 503 9 521 ³
67 505 144 545 teri
172 501 265 544 vero
284 526 300 549 3
337 504 407 553 qui
434 514 505 542 nec
533 499 712 544 moniti,
747 509 819 537 nec
851 494 994 546 vocati*
1020 488 1100 534 fue·

67 567 188 602 rant,
215 553 353 596 eodem
379 550 461 602 ipso
488 552 622 594 mortis
649 549 735 597 dic,
761 557 879 598 prout
906 556 1000 585 ante
1026 540 1098 584 sta-

68 619 199 648 tutum
233 604 358 648 fuerat
377 630 394 654 3
434 604 483 646 ad
510 602 699 646 sanetum
725 600 904 643 Marcum
929 595 1055 637 statim
1079 617 1096 642 3

65 671 112 700 ut
139 656 350 702 rescierunt
377 653 580 699 Pontificis
606 653 758 694 obitum
778 675 795 698 3
831 661 1052 690 convenere
1078 669 1095 696 3

64 724 188 764 atque
214 709 374 761 publico
407 704 600 751 concursu
628 700 906 754 Episcoporum
937 701 978 741 &
1001 700 1097 750 Car·

61 762 280 811 dinalium3
312 764 557 813 aliorumque
584 758 716 801 Romae
742 752 990 808 Clericorum
1009 774 1025 798 3
1053 748 1095 791 fi·

63 814 228 868 mulque
257 813 462 858 Nobilium
496 812 667 858 civitatis
684 831 702 856 ,
734 804 785 846 a'd
801 806 970 862 ,Petrum
996 801 1095 843 Leo-

62 868 126 908 nis
164 867 270 909 tituli
297 867 450 909 Sanctae
486 864 621 906 Mariae
651 867 762 913 'trans
794 856 967 898 Tiberim
999 867 1094 894 con-

60 917 232 969 sensere,
261 922 329 970 qui
348 913 609 959 fibiAnacleti
631 923 776 958 nojmen
795 906 952 950 ascivit.
978 909 1094 947 Uter-

92 987 144 1014 ,ue
171 974 267 1014 civis
282 971 484 1013 Romanus
509 978 593 1009 erat
613 993 624 1005 .
659 964 916 1006 Innocentius
941 972 1009 1010 per
1036 959 1093 1000 0·

59 985 239 1067 diensem
267 1020 498 1073 Episcopum
534 1031 584 1060 ex
617 1029 727 1058 more
760 1010 1005 1054 consecratus
1039 1008 1093 1051 est

60 1079 107 1118 in
134 1073 293 1126 Basilica
315 1067 566 1117 Lateranensi
586 1094 602 1123 3
640 1064 853 1110 Anacletus
889 1076 1019 1104 autem
1047 1064 1087 1102 in

18 1167 21 1177 ,
58 1130 288 1174 Vaticana.
313 1127 385 1168 Ille
411 1125 533 1172 stirpis
562 1135 608 1163 ac
637 1119 828 1161 natalium
855 1115 1092 1161 nobilitate3

59 1181 105 1223 δι
122 1193 326 1239 procerum
353 1176 504 1230 gratia,
530 1176 571 1214 &
592 1166 779 1213 consensu
806 1165 968 1210 inferior
984 1179 1093 1208 aemu-

60 1231 108 1274 lo
133 1230 202 1274 suo
221 1229 420 1272 Anacleto
438 1246 454 1275 3
486 1226 549 1266 hic
576 1222 669 1265 verd
699 1221 890 1263 natalium
917 1217 1093 1268 splendo-

57 1298 127 1332 re,
152 1284 378 1325 divitiarum
404 1280 545 1325 copia,
574 1274 767 1317 nobilium
792 1271 928 1314 favore
943 1279 999 1313 ac*
1015 1269 1091 1320 ple-

57 1333 122 1377 bis
158 1333 423 1376 inclinatione
457 1328 577 1380 longe
610 1325 783 1376 superior
802 1344 818 1372 ,-
859 1327 1090 1374 neutiquam

59 1398 201 1430 tamen
232 1385 284 1427 ad
317 1383 549 1436 religionem
570 1405 586 1429 3
626 1390 859 1430 morumque
894 1377 1094 1428 integrita-

55 1450 166 1487 tem,
193 1437 334 1491 quibus
352 1429 1002 1478 Innocentius.commendabatur,
1031 1440 1093 1468 ac·

58 1490 245 1533 cedebat.
273 1489 349 1534 Sed
378 1487 459 1536 spes
485 1487 728 1536 praemiorum
746 1482 925 1528 uberior,
951 1482 1092 1521 &con-

57 1538 361 1594 sanguineorum
387 1538 535 1585 factio,
562 1539 625 1580 cui
653 1540 779 1584 omuis
807 1534 885 1576 sere
904 1529 1090 1573 nobilitas

54 1593 315 1642 adhaerebat3
351 1595 391 1634 &
409 1593 581 1641 pecuniis
617 1589 815 1639 redempta
849 1585 972 1637 plebis
1006 1596 1091 1632 pro·

56 1645 193 1697 pensio
211 1673 226 1695 3
255 1645 383 1688 multo
412 1644 539 1695 plures
575 1641 624 1681 ad
643 1641 824 1683 Anacleti
851 1651 980 1689 partes
1006 1647 1094 1684 pro.

55 1700 273 1741 movendas
304 1698 496 1738 allexerat
516 1722 526 1733 .
565 1695 681 1735 Parte
709 1696 826 1745 igitur
845 1716 862 1739 3
898 1704 984 1742 quae
1018 1701 1090 1736 pro

58 1750 263 1793 Anacleto
291 1748 415 1790 stabat
435 1773 451 1795 3
493 1759 644 1787 armata
655 1770 681 1802 ⁴3,
717 1757 884 1795 totaque
913 1742 1006 1782 urbe
1033 1739 1072 1780 fu

54 1817 203 1852 rente,
241 1804 502 1845 Innocentius
529 1812 617 1840 cum
646 1799 718 1838 iuis
735 1793 1012 1839 Cardinalibus
1040 1792 1089 1833 ad

54 1857 362 1905 Frangipanum.
385 1850 450 1892 fibi
486 1855 700 1892 amicorum
726 1846 968 1897 amplissimas
995 1844 1090 1887 aedes

54 1905 210 1953 accessit
226 1931 242 1953 3
276 1904 430 1949 famulis
449 1907 489 1944 &
505 1906 618 1947 armis
644 1903 831 1952 omnique
866 1911 1089 1940 commeatu

51 1956 214 2000 abunde
240 1959 433 1998 munitas.
461 1957 555 1995 Erat
586 1967 681 1998 tunc
700 1953 832 1993 Romae
867 1951 1016 1991 familia
1043 1950 1091 1991 il-

54 2009 99 2052 la
124 2013 315 2060 praecipua
349 2005 562 2048 nobilitare
586 2008 626 2045 δι
642 2005 787 2056 diyitiis
815 2004 959 2042 florens
977 2004 1017 2042 δι
1034 2005 1089 2041 in-

51 2059 189 2117 fignis.
216 2059 435 2102 Anaclctus
462 2058 582 2108 porro
610 2056 660 2096 ad
688 2055 895 2105 pecuniam
915 2077 931 2101 3
968 2065 1088 2104 quam

51 2128 106 2158 ex
134 2115 359 2164 patrimonii
386 2110 644 2160 opulentia&
659 2110 825 2164 negotiis
835 2103 1011 2147 Ecclefiae
1022 2103 1088 2145 diu

49 2167 165 2220 gestis
192 2177 465 2214 coacervatam
495 2160 689 2208 habebat,
717 2157 824 2200 simul
853 2159 971 2199 aliam
987 2169 1089 2208 quo-

88 2234 135 2260 ue
172 2215 316 2260 nefarie
353 2215 593 2264 comparavit
616 2241 628 2252 .
665 2211 863 2262 Siquidem
891 2222 1087 2258 occupata

97 2269 238 2320 postoli
250 2271 353 2310 Petri
372 2270 567 2309 Vaticana
583 2261 764 2309 Bafilica3
791 2276 963 2302 coronas
979 2285 996 2308 3
1023 2274 1090 2301 ca-

51 2323 172 2370 lices3
199 2316 457 2363 &crucifixos
485 2330 649 2363 aureos3
677 2317 953 2365 &argenteum
980 2311 1086 2352 cibo-

50 2378 154 2418 rium
173 2398 189 2421 3
223 2372 344 2424 quod*
367 2373 552 2420 primario
579 2371 695 2408 altari
724 2378 793 2413 pro
828 2365 1003 2415 laqueari
1029 2360 1086 2403 su-

50 2424 277 2479 perstabat3
305 2427 497 2474 argenteis
512 2423 655 2470 pariter
675 2414 871 2459 suffiltum
890 2415 1085 2457 columnis

50 2477 267 2526 expilavit3
295 2476 452 2526 aliaque
471 2473 573 2514 urbis
591 2470 737 2520 templa
747 2469 921 2511 donariis
941 2470 1086 2518 pretio-

46 2528 193 2574 fiffimis
226 2527 443 2578 expoliavit
463 2550 478 2573 3
513 2538 561 2564 ex
579 2520 719 2575 quibus
739 2523 919 2564 conflatis
952 2522 1085 2571 ingen·

48 2595 134 2625 tem
159 2594 331 2630 pecuniae
353 2576 431 2620 vi'm
448 2579 697 2619 coaceruavit
714 2602 726 2614 .
762 2576 901 2624 Itaque
920 2572 1084 2621 populus

48 2632 255 2678 Romanus
286 2634 412 2681 pravis
443 2627 629 2670 illecebris
660 2624 844 2668 Anacleti
876 2636 1082 2671 corruptus

49 2685 383 2734 Innocentium&
393 2682 516 2724 eidem
535 2679 714 2730 addiditos
725 2677 984 2723 Cardinale83
999 2689 1081 2725 par-

50 2750 214 2788 temque
237 2737 340 2776 illius
361 2748 443 2775 non
465 2729 586 2773 solum
604 2728 753 2780 probris
774 2730 1010 2770 &comiciis
1030 2742 1082 2767 in.

11 2813 14 2827 ι
48 2786 189 2837 cessere
215 2788 352 2829 institit
373 2811 388 2834 3
429 2783 490 2826 fed
525 2788 645 2825 etiam
690 2785 806 2832 armis
835 2784 875 2822 &
893 2783 1001 2821 omni
1029 2792 1083 2820 te.

11 2872 16 2882 .
48 2840 180 2889 lorum
206 2853 351 2893 genere
379 2842 418 2878 in
446 2850 583 2878 eorum
611 2832 1002 2882 vitam-‘conspirata

13 2897 17 2913 '
105 2896 142 2937 8.
168 2892 321 2944 Qibus
348 2889 458 2930 malis
495 2888 585 2928 cum
614 2885 775 2928 resistere
795 2885 838 2926 *se
866 2899 949 2926 non
977 2879 1080 2932 posse

0 2959 17 3000 μ
49 2946 310 2989 Innocentius
337 2954 540 2988 cerneret,
569 2938 635 2980 sibi
664 2937 755 2980 urbe
771 2934 987 2978 cedendum
1004 2938 1079 2976 exi-

0 2999 17 3050 ῗῖ
47 2997 218 3041 {rimavit
240 3021 257 3046 3
290 3009 337 3036 ac
365 2994 504 3035 relicto
532 2996 573 3032 in
596 2993 793 3033 Laterano
814 2986 1013 3041 Sabinensi
1034 2987 1079 3028 E-

0 3064 17 3093 il
79 3047 209 3097 iscopo
235 3047 465 3094 Conrado,
502 3048 646 3094 paratis
683 3042 841 3084 occulte
878 3042 1036 3090 navigiis
1063 3063 1078 3087 3

0 3114 18 3154 tf,
92 3100 223 3142 cundo
245 3101 378 3143 Tiberi
404 3111 493 3139 cum
520 3095 631 3136 sociis
642 3093 920 3138 Cardinalibus
936 3092 986 3132 ad
1002 3105 1080 3132 ma-

0 3159 18 3208 ·-l
44 3167 94 3199 xe
162 3164 283 3202 atque
318 3142 421 3197 ἰὴ,
441 3149 589 3192 duabus
608 3151 836 3189 Pisanorum
862 3144 1077 3186 triremibus

15 3213 17 3219 ‘
43 3206 158 3302 {ilas
186 3201 334 3256 accessit
352 3230 363 3242 .
396 3204 600 3251 ,Exceptus
635 3199 688 3241 est
721 3198 744 3240 a
773 3197 916 3242 Pisanis
957 3198 1076 3236 tantis

14 3260 18 3301 ’ἶ
108 3257 180 3299 diis
200 3280 217 3303 3
253 3254 422 3307 quantis‘
449 3253 732 3303 verum-excipi
751 3248 982 3291 Pontificem
1016 3246 1078 3288 de-

16 3337 19 3355 1,
45 3309 130 3359 'cuit
153 3337 164 3348 .
200 3307 258 3350 Ibi
287 3306 549 3356 proximorum
568 3301 849 3355 Episcoporum
876 3313 1077 3342 conventu

16 3375 19 3418 ᾖ
45 3357 437 3418 ᾖώίεοζΑήαεΙι-ωῐὴ
446 3370 674 3409 partemque
685 3359 763 3403 ejus
774 3354 930 3395 devovit
941 3381 952 3391 .
979 3353 1079 3393 Inte.

46 3417 122 3469 rim
141 3413 279 3504 [effa
306 3410 357 3453 ab
383 3424 432 3450 eo
459 3413 499 3451 in
521 3412 720 3451 Franciam
756 3405 848 3448 miffi
884 3405 933 3446 ad
949 3404 1079 3448 Ludo.

16 3480 19 3488 ⁴
47 3469 179 3524 sticum
228 3475 342 3515 egem
375 3462 415 3503 id
441 3459 677 3509 obtinuere,
717 3473 761 3503 ut
781 3460 948 3506 Stampis
981 3471 1073 3498 con-

16 3520 19 3555 ἶ
47 3530 198 3574 vocato
213 3514 491 3564 Episcoporum
508 3513 696 3555 Concilio
716 3537 731 3558 3
760 3512 822 3552 ad÷
838 3509 952 3562 quod
979 3511 1084 3550 acci--

52 3575 118 3625 eus
142 3567 199 3612 cst
217 3566 435 3627 Bernartius
450 3563 748 3610 clarevallensis
757 3562 915 3612 Abbas3
943 3559 1076 3604 utrius.

5 1028 9 1053 -,.
0 997 4 1012 v
0 855 10 987 τ-ῑνει-Ᾰ,
0 806 9 848 ,τιμ
0 767 9 797 Α-..Α
0 722 9 759 ζ.
0 699 2 701 v
6 681 9 689 .

1145 292 1222 332 que
1241 280 1442 324 pontificis
1468 285 1630 324 comitia
1655 280 1723 326 sub
1746 294 1909 326 examen
1936 280 2160 323 revocarenu‘

1145 344 1231 392 tur.
1255 334 1453 376 Bernardo
1481 335 1604 382 vero3
1628 339 1733 382 cujus
1760 334 1945 376 sanctitas
1963 331 2156 382 &sapien-

1143 395 1199 424 tia
1232 386 1384 445 ‘3²¹²stss
1419 386 1599 427 omnibus
1626 389 1868 428 venerationi
1895 399 2007 433 erat3
2040 387 2158 426 Inno-

1141 449 1261 478 centii
1301 436 1456 480 causam
1497 441 1665 489 graviter
1699 453 1746 480 ac
1780 440 1939 486 copiose
1973 449 2156 488 agente-3

1141 485 1246 530 haud
1270 503 1364 542 aegte
1391 493 1432 533 δι
1457 489 1541 531 Rex
1568 492 1609 531 &
1635 489 1810 540 Episcopi
1827 491 2049 531 innocentii
2075 488 2159 538 par-

1141 552 1198 600 tes
1225 541 1438 602 conseffliti
1465 539 1576 588 sunt,
1604 557 1649 583 ac
1678 541 1786 585 millis
1801 542 1849 583 ad
1867 542 2043 583 eumdem
2061 554 2159 583 nun<

1139 603 1209 633 ciis
1236 592 1356 643 ipsum
1383 597 1425 635 in
1453 594 1654 636 Franciam
1681 609 1868 636 vocavere
1886 622 1896 633 .
1938 596 1998 634 Ita
2029 593 2160 632 Ponti.

1136 637 1202 684 sex
1240 646 1348 687 rebus
1384 644 1457 686 suis
1494 648 1536 686 in
1571 647 1724 688 Etruria
1759 646 2016 692 constitutis,
2067 641 2157 684 Pifis

1137 693 1289 759 solvens
1314 702 1354 739 in
1381 699 1583 739 Franciam
1607 701 1681 740 iter
1707 698 1869 740 instituit
1896 725 1906 735 .
1935 699 1992 738 Ex
2021 699 2157 737 itinere

1136 761 1224 788 cuin
1250 751 1431 792 Genuam
1456 746 1668 803 attigisset,
1702 766 1726 791 a
1752 752 1911 792 civitate
1940 745 2159 791 honorifice

1136 814 1315 850 exceptus
1338 827 1353 850 3
1389 801 1565 843 inducias
1595 800 1817 844 Genuenses
1853 804 1955 842 inter
1991 802 2031 841 &
2059 793 2156 840 Pisi.

1135 866 1210 893 nos
1239 851 1356 906 usque
1383 854 1433 895 ad
1469 852 1574 894 suam
1612 853 1860 895 reversionem
1887 849 2109 902 composuit
2138 875 2152 890 .

1136 902 1334 947 Profectus
1362 906 1452 948 inde
1481 907 1622 949 Genua
1647 906 1697 946 ad
1723 905 1830 946 littus
1858 907 2070 947 Provinciae
2097 916 2160 943 ac·

1134 955 1237 997 ceffit
1264 982 1280 1005 3
1321 961 1362 998 &
1403 971 1469 1006 per
1503 957 1759 999 Decembrem
1797 955 1960 998 mensem
1988 958 2154 997 alterum

1136 1007 1400 1051 Claromonte
1433 1023 1673 1051 conventum
1710 1008 1845 1050 habuit
1869 1033 1884 1056 3
1925 1009 2046 1059 arque
2087 1011 2155 1047 itc-

1135 1073 1219 1101 rum
1244 1061 1480 1103 Anacletum
1515 1059 1667 1114 ejusque
1701 1058 1873 1102 fautores
1921 1062 2119 1102 damnavit
2146 1085 2157 1097 ·

1185 1126 1223 1159 9.
1250 1113 1354 1154 Dum
1382 1114 1462 1154 haec
1489 1113 1537 1154 ab
1556 1114 1790 1157 Innocentio
1815 1126 2024 1164 geruntur,
2055 1110 2161 1151 Ana-

1134 1162 1288 1210 cletus,
1315 1168 1381 1257 gui
1411 1163 1512 1206 solus
1541 1168 1582 1206 in
1613 1166 1719 1206 Urbe
1755 1164 1986 1206 remanserat
2014 1188 2030 1211 3
2065 1176 2159 1203 ana-

1135 1215 1266 1277 thema
1293 1231 1316 1257 a
1346 1215 1470 1258 versus
1499 1219 1768 1258 Innocentium
1796 1215 1949 1268 ejusque
1976 1214 2157 1266 sequaces

1135 1282 1341 1321 intorquet
1361 1293 1375 1316 3
1413 1268 1598 1321 missisque
1634 1272 1674 1309 in
1703 1267 1850 1310 diversa
1885 1271 1974 1311 loca
2001 1268 2159 1318 Legatis

1134 1323 1174 1362 &
1201 1323 1352 1362 nunciis
1380 1319 1533 1361 causam
1563 1318 1667 1360 suam
1706 1321 1807 1368 apud
1834 1334 1987 1362 exteros
2022 1319 2160 1368 proba·

1135 1387 1175 1413 re
1201 1386 1394 1414 conatur.
1424 1370 1633 1414 Anselmus
1662 1370 1964 1412 Mediolanensis
1995 1371 2155 1412 Aschie-

1134 1423 1308 1475 piscopus
1331 1450 1347 1473 3
1385 1424 1435 1465 ab
1462 1427 1646 1466 Honorio
1681 1426 1960 1464 communione
1987 1421 2157 1462 fidelium

1135 1475 1324 1520 resecatus
1344 1501 1359 1524 3
1395 1474 1431 1516 se
1458 1474 1623 1528 suosque
1650 1473 1962 1517 Mediolanenses
1997 1473 2162 1514 Anacle-

1133 1543 1179 1573 to
1208 1527 1360 1580 prorsus
1397 1528 1560 1569 adduxit
1581 1553 1595 1575 3
1633 1529 1674 1568 δι
1701 1526 1906 1578 plerosque
1933 1526 2162 1576 Longobar.

1133 1582 1204 1624 diae
1218 1579 1428 1632 Episcopos
1444 1577 1640 1620 ineasdem
1666 1591 1792 1628 partes
1817 1583 2003 1619 attraxit.
2032 1580 2157 1628 Quin-

1133 1638 1251 1676 etiam
1279 1633 1469 1684 Rogerius
1497 1631 1637 1674 Siciliae
1665 1633 1808 1672 Comes
1843 1643 1965 1680 atque
2001 1629 2155 1679 Apuliae

1133 1690 1168 1725 ὅ(
1201 1685 1394 1729 Calabriae
1423 1685 1517 1725 Dux
1555 1697 1645 1724 cum
1673 1682 1850 1723 Roberto
1879 1682 2054 1732 Principe
2081 1684 2161 1725 Can

1133 1751 1265 1787 priano
1293 1735 1380 1778 suos
1405 1734 1576 1786 populos
1602 1736 1652 1776 ad
1680 1736 1920 1776 Anacletum
1947 1734 2119 1776 traduxit
2139 1761 2155 1784 3

1133 1789 1339 1842 sponsione
1367 1801 1551 1836 accepta,
1580 1787 1688 1841 Regii
1720 1790 1886 1828 nominis
1916 1786 1980 1828 sibi
2009 1785 2158 1840 suisque

1132 1844 1292 1893 posteris
1319 1841 1380 1894 ,ab
1410 1838 1608 1881 Anacleto
1644 1838 1869 1881 conferendi
1905 1839 1973 1880 sub
2009 1838 2082 1881 fide
2110 1853 2158 1880 ac

1133 1895 1251 1937 feudo
1289 1894 1472 1949 Romanae
1507 1892 1705 1933 Ecclefiae.
1750 1893 1882 1943 Quam
1918 1892 2158 1933 occasionem

1132 1948 1245 1989 avide
1272 1948 1433 1995 arripuit
1463 1943 1701 1991 Anacletus3
1731 1957 1852 1995 atque
1879 1944 1971 1985 inde
1997 1943 2160 1992 factum,

1133 2012 1176 2040 ut
1206 1996 1518 2051 ipfiusjpartibus
1545 2000 1755 2045 provmciae
1784 1996 1857 2036 111ae
1885 2010 1974 2037 cum
2003 1995 2162 2037 Antisti-

1132 2050 1235 2092 tibus
1262 2053 1303 2092 δε
1328 2050 1548 2099 populis&
1575 2049 1656 2097 ipso
1685 2047 1896 2091 Caifinenfi
1916 2049 2158 2090 Monasterio

1131 2101 1169 2145 se
1194 2102 1466 2148 adjunxerint.
1495 2102 1727 2143 Guilielmus
1755 2099 1904 2149 insuper
1935 2100 2160 2152 Aquitaniae

1132 2156 1229 2196 Dux
1257 2157 1296 2196 δε
1326 2155 1572 2196 Pnstavorum
1601 2156 1748 2196 Comes
1775 2152 1959 2194 suadente
1990 2151 2160 2206 Engolis-

1131 2205 1248 2248 menfi
1278 2204 1471 2255 Episcopo
1500 2207 1670 2247 Guardo
1690 2230 1706 2253 3
1735 2203 1770 2246 se
1798 2205 1963 2257 suosque
1989 2206 2159 2255 populos

1130 2258 1316 2300 Anacleti
1344 2257 1463 2300 causae
1490 2259 1685 2306 adjunxit.
1712 2258 1787 2300 Sed
1817 2273 1898 2298 non
1917 2258 2044 2298 multo
2073 2258 2158 2306 post

1130 2312 1280 2352 Divina
1306 2313 1427 2351 virtus
1456 2312 1655 2351 Bernardo
1683 2302 1968 2350 Clarevallenff
2000 2306 2113 2350 affixa
2142 2334 2159 2357 3

1128 2360 1285 2413 ejusque
1313 2359 1492 2403 indefessa
1529 2361 1753 2402 sollicitudo
1783 2361 1975 2408 Principes
2003 2359 2158 2402 eosdem

1128 2425 1344 2464 eorumque
1373 2410 1549 2453 1>1=aesules
1577 2416 1616 2453 &
1642 2412 1806 2461 populos
1842 2412 1892 2452 ad
1927 2414 2154 2455 Innocentii

1128 2477 1256 2514 partes
1286 2463 1448 2504 mirifice
1482 2465 1680 2504 traduxit.
1723 2465 1983 2506 Innocentius
2019 2465 2158 2507 Claro-

1128 2530 1264 2557 monte
1289 2513 1483 2564 profectus
1510 2514 1764 2557 Aurelianum
1790 2515 1963 2564 accessit,
1991 2517 2041 2558 ab
2070 2510 2157 2566 Epi-

1127 2567 1252 2618 scopis
1282 2570 1321 2608 &
1349 2568 1556 2609 Lodovico
1582 2567 1685 2619 Rege
1711 2592 1728 2616 3
1763 2573 1841 2614 ejus
1871 2572 2039 2610 nominis
2076 2567 2155 2612 sex-

1126 2635 1172 2679 to
1198 2645 1215 2667 3
1251 2618 1405 2671 ejusque
1440 2617 1523 2659 filio
1550 2644 1567 2667 3
1603 2624 1672 2671 qui
1705 2619 1789 2668 post
1815 2633 1901 2660 eum
1931 2623 2108 2671 regnavit
2135 2647 2151 2669 3

1125 2672 1249 2713 dietus
1275 2676 1404 2719 junior
1430 2696 1446 2719 3
1474 2674 1513 2712 δι
1541 2676 1700 2716 nomine
1736 2669 1915 2721 septimus
1943 2696 1958 2719 3
1995 2673 2153 2715 obviam

1125 2722 1320 2817 prggreffis
1348 2749 1363 2770 3
1403 2736 1588 2772 exceptus
1617 2730 1651 2761 (5(
1678 2723 1850 2774 legitime
1887 2724 2013 2764 cultus
2040 2723 2112 2765 fuit
2141 2754 2152 2765 .

1124 2777 1169 2816 In
1198 2779 1220 2816 'e
1257 2777 1279 2816 a
1315 2773 1508 2831 Gausrido
1545 2774 1780 2818 carnotensi
1820 2774 2014 2823 Episcopo
2053 2777 2152 2817 Car-

1124 2840 1266 2871 nutum
1304 2828 1492 2869 adductus
1517 2852 1534 2875 3
1570 2830 1784 2869 Henricuin
1821 2826 2043 2877 Anglorum
2079 2827 2151 2869 Re.

1123 2894 1209 2933 gem
1246 2894 1334 2921 cum
1379 2883 1551 2919 maximo
1588 2876 1875 2928 Episcoporum
1912 2880 2148 2929 Principum—

1124 2946 1202 2986 que
1238 2929 1392 2972 suorum
1429 2934 1623 2971 comitatu
1672 2928 1827 2971 obviam
1864 2928 2001 2971 habuit
2027 2957 2039 2970 .
2086 2933 2148 2973 Eo

1123 2985 1216 3027 vero
1254 2986 1386 3024 invitis
1415 2981 1613 3032 Episcopis
1650 2978 1720 3023 suis
1749 2983 2028 3023 Innocentium
2055 2987 2150 3027 reci-

1123 3051 1212 3086 pere
1252 3033 1488 3075 formidante
1534 3033 1748 3075 Bernardus
1774 3058 1790 3081 3
1841 3036 1908 3085 qui
1959 3035 2095 3076 aderat
2133 3054 2146 3076 .-

1120 3085 1220 3141 Qid
1241 3087 1361 3141 haefitas
1385 3112 1403 3135 3
1430 3089 1559 3137 inquit
1583 3110 1600 3133 3
1627 3100 1672 3124 an
1695 3100 1739 3124 ne
1763 3089 1839 3127 Deo
1864 3083 2036 3139 displiceas
2062 3111 2076 3135 3
2105 3083 2144 3129 (r

1117 3141 1282 3194 piaculum
1307 3138 1482 3180 contrahas
1507 3144 1526 3178 ε’
1551 3137 1671 3192 Cagita
1697 3137 1737 3176 de
1762 3137 1840 3176 aliis
1871 3138 2013 3191 peccatis
2037 3141 2102 3179 tuis
2127 3169 2139 3188 ‚

1121 3193 1203 3244 quid
1226 3193 1258 3230 ei
1297 3207 1323 3231 is
1348 3190 1573 3244 responsurus.-
1599 3188 1682 3235 illud
1704 3205 1787 3229 vero
1807 3187 1872 3242 fac
1895 3214 1911 3236 3
1936 3191 2024 3230 mihi
2046 3191 2146 3234 relin.

1121 3260 1202 3297 quas
1228 3270 1243 3292 3
1270 3243 1359 3295 quod
1383 3244 1418 3282 in
1444 3257 1498 3282 me
1521 3240 1676 3294 schipio.
1705 3241 1841 3292 Atque
1867 3243 1924 3281 ita
1952 3242 2063 3284 illum
2090 3244 2141 3286 ad

1122 3297 1260 3347 pedum
1307 3294 1439 3336 oscula
1482 3294 1635 3343 impulit
1672 3321 1682 3331 .
1727 3293 1909 3335 Reversus
1954 3308 2003 3334 ex
2045 3297 2142 3338 Ger-

1120 3351 1251 3390 mania
1303 3347 1498 3389 Gerardus
1556 3344 1780 3388 Cardinalis
1838 3345 2010 3398 Legatus
2071 3348 2142 3388 bo·

1120 3416 1213 3442 num
1250 3400 1363 3450 Regis
1399 3401 1685 3440 Germanorum
1720 3396 1903 3439 Lothari‘i
1950 3411 2037 3450 erga
2080 3401 2141 3440 In-

1120 3457 1347 3494 nocentium
1409 3454 1583 3492 animum
1646 3450 1779 3491 retulit
1818 3473 1836 3496 3
1896 3463 1944 3491 ac
1996 3464 2071 3499 prae
2083 3450 2138 3490 sto

1116 3520 1202 3548 euni
1254 3504 1304 3545 ad
1352 3502 1541 3544 Leodiuin
1595 3499 1677 3541 sore
1735 3503 1935 3542 nunciavit
1979 3531 1989 3541 .
2043 3503 2137 3554 Qo

1117 3559 1265 3601 nuncio
1317 3555 1483 3598 erectior
1531 3550 1774 3648 ipseFfsacltus
1800 3577 1816 3602 3
1869 3553 1974 3596 haud
2007 3567 2136 3600 tamen

1701 3619 1722 3646 2
1929 3621 1969 3648 in
1996 3618 2087 3654 prae-
