2430 3958
558 14 585 58 N

240 124 663 253 Concilium
696 161 1273 276 carthaginense
1332 165 1469 246 I'V.
1505 117 1688 246 'anni
1729 175 1904 265 398.
1967 194 2112 275 ,μμ

89 310 93 313 .
109 277 163 322 fia
170 278 580 328 ..Aquensisiantisscmuum
588 280 668 313 alius
675 278 802 318 quilibet
810 277 1135 320 &tropolitauitvon-

114 321 192 360 silici
208 331 302 362 juxta
309 332 458 355 canonum
465 321 632 365 prescripta
643 328 767 355 vocanti
775 319 977 363 obtemperare
984 317 1135 354 daritia-

117 365 222 401 verit‚
241 362 560 403 noveritfiibdmlum
570 363 674 406 finon
683 363 762 402 quod
777 370 917 403 optatius
932 359 1134 405 Ecclefiasti'uae

113 403 185 443 disci
196 406 271 450 ,15²3ae
279 428 287 436 .
309 403 374 436 His
383 402 476 450 aliud
485 403 631 449 adjungit
641 402 696 436 irrli
720 414 760 436 ne
768 402 977 450 privilegium
986 423 998 448 ς
1006 411 1132 447 nequis

115 413 256 489 Qrdpinis
266 443 479 490 Ecclesiastici
486 444 623 490 existetis
631 414 797 490 exlssalha
806 466 817 483 ,
838 445 890 490 ycl
901 454 938 476 ex
949 441 1109 492 Hispania
1119 464 1131 480 ‚

114 486 461 528 ledemApostolicam
470 494 644 522 conveniat
654 508 665 525 ,
687 485 746 518 mfi
764 487 868 519 literis
884 485 998 525 casterii
1009 484 1133 521 torma-

111 525 156 570 tis
164 526 200 561 sit
209 526 424 570 praemunitus
434 552 442 563 .

164 580 215 607 11.
240 571 338 608 Can.
351 569 486 609 xxll.
514 568 569 606 Ut
595 565 872 619 Episcopus-fine
892 564 1134 612 consiliocleri-

76 654 77 658 ,
112 631 228 657 corum
237 618 376 668 suorum
389 619 531 659 clericos
542 633 607 656 non
620 617 755 656 ordinet
769 629 779 660 ς
805 619 859 654 ita
870 626 908 654 ut
917 617 1046 654 civium
1056 624 1132 654 con-

113 670 312 707 niventiam
325 670 366 712 (9⁹
375 667 601 712 testimonium
614 675 749 717 quaerat
769 693 779 705 .

153 716 242 762 Dist.
253 727 302 758 24.
311 717 519 792 &Episcopus
528 713 804 764 schoxinliove
813 713 1005 760 Alexandro
1014 711 1132 759 Severo

109 757 206 793 relert
216 760 301 796 Lam
324 759 424 794 ridius
433 783 443 799 ,
480 758 639 805 audavule
655 765 756 802 ritum
763 755 848 802 apud
859 753 1063 801 Christianos
1072 765 1134 788 cir-

74 843 77 846 ⁴
110 810 148 833 ca
158 812 266 846 mores
283 813 300 834 c
317 800 499 839 micorum,
522 811 555 847 in
571 797 721 846 Ecclesiis
737 796 935 871 'milm‘ess‘ssk
966 795 1132 842 nusquam

108 842 324 886 prdmentur:
345 852 525 884 eorumque
544 849 727 885 imitation-e
745 836 779 871 so
796 846 880 872 itum
889 836 936 871 {ui
962 848 1126 873 enomina

106 881 248 916 illorum
257 905 268 922 ‚
277 894 361 924 quos
372 885 415 919 ad
423 881 624 926 praefesturas
634 878 812 928 destinabat
821 901 834 925 ³.
842 879 954 920 palam
964 890 1127 925 propone-

107 932 144 955 re
154 931 224 963 „ut
234 923 269 957 in
282 924 417 959 illorum
436 923 537 958 vitam
555 926 723 962 morelque
740 929 979 967 inquireretur,
1001 927 1126 967 nequis

105 961 330 1006 inexploratus
369 973 591 1006 removeretur
609 988 617 996 .
640 963 729 999 Vide
759 961 903 1004 lupetius
933 961 1127 998 Concilium

42 1033 53 1043 ,
106 977 367 1050 Carthaginensi}
373 1007 434 1042 III.
445 1016 515 1040 can.
525 1016 575 1043 ῃ..
696 1051 699 1053 -

159 1059 219 1087 ¹2.
248 1051 346 1090 Can.
381 1049 540 1089 XX111.
564 1047 620 1085 Ut
629 1046 828 1096 Episcopus
840 1043 969 1084 nullius
982 1043 1127 1094 causam

104 1098 241 1140 audiat
263 1099 392 1149 absque
411 1098 510 1151 praes
502 1101 599 1136 entia
621 1097 658 1134 C
659 1097 839 1136 lericorum
851 1094 992 1143 suorum
1001 1121 1016 1142 ,
1040 1095 1127 1134 alio-

104 1149 167 1197 q'ui
189 1150 299 1186 irrita
323 1152 392 1189 ‘erit
410 1146 587 1195 sententia
609 1146 801 1196 Episcopi,
827 1145 891 1189 nisi
908 1145 1126 1186 Clericornm

101 1196 297 1246 presentia
311 1196 531 1244 confirmetur
544 1223 554 1232 .
580 1211 611 1235 c.
628 1198 776 1234 nullius
785 1194 936 1235 causam
948 1205 999 1243 ις.
1015 1208 1079 1244 qu·
1092 1207 1127 1243 7.

154 1247 254 1286 Can.
269 1247 425 1290 XXIV.
455 1244 652 1286 Sacerdote
676 1244 821 1285 verbum
828 1243 990 1292 faciente
1004 1248 1040 1284 in
1054 1243 1128 1285 Ec-

103 1295 210 1340 clesia
223 1311 242 1350 ;
265 1299 326 1346 qui
340 1296 453 1345 egreff
446 1309 489 1334 us
498 1295 545 1334 dc
555 1295 732 1337 auditorio
737 1294 853 1342 fucrit
869 1322 882 1343 ,
897 1298 1127 1336 excommuni-

100 1356 214 1435 scitari
234 1360 266 1385 e.
277 1347 486 1387 Sacerdote
498 1347 658 1386 verbum
676 1345 842 1386 faciente
859 1371 872 1394 ‚
899 1347 946 1384 de
956 1344 1125 1384 consecr.

149 1425 250 1488 Can.
276 1446 410 1485 XXV.
435 1444 658 1493 Diffidcntes
682 1443 876 1494 Episcopos
891 1443 925 1488 fi
940 1458 1003 1484 non
1022 1445 1125 1484 timor

99 1496 180 1538 Dei
189 1523 202 1543 ,
227 1495 259 1537 S
257 1496 395 1545 jinodus
403 1495 610 1534 reconciliet.
625 1509 656 1533 c.
667 1494 885 1535 diffidentes
901 1495 983 1533 dist.
999 1505 1057 1542 90.

150 1546 247 1586 Can.
259 1547 408 1591 xxvi.
434 1545 676 1585 statuendum
699 1543 745 1590 est
767 1542 956 1595 Episcopis
965 1571 978 1591 ‚
999 1553 1038 1582 ut
1052 1541 1125 1591 dis-

94 1594 257 1641 fidentes
274 1596 418 1644 fratres
429 1621 442 1642 ‚
468 1595 540 1638 live
554 1594 698 1634 clericos
709 1621 722 1642 ,
740 1593 820 1640 five
837 1594 947 1633 laicos
957 1620 970 1640 ,
998 1592 1124 1641 adpa-

99 1658 174 1684 c-cm
188 1650 302 1696 magis
316 1660 422 1697 quam
432 1644 664 1693 adjudicium
674 1645 901 1683 cohortentur.
910 1656 940 1696 c.
957 1643 1123 1683 statuen-

64 1721 67 1724 >
96 1696 192 1735 dum
203 1697 286 1735 dist.
297 1697 461 1744 90.alias
476 1697 586 1732 citati
601 1707 618 1730 r
633 1721 646 1741 ‚
668 1692 882 1739 studendum
894 1719 903 1730 .

151 1747 252 1785 Can.
277 1746 416 1785 XXVI
422 1744 453 1784 1.
480 1742 536 1782 Ut
560 1743 600 1782 E
625 1745 759 1792 iscopus
772 1743 820 1781 de
842 1743 912 1782 loco
925 1740 1067 1791 ignobili
1075 1744 1130 1782 ad

100 1794 254 1834 nobilem
261 1806 327 1845 per
338 1795 562 1833 ambitionem
575 1803 639 1831 non
653 1794 762 1841 trans
757 1804 817 1831 eat
829 1819 841 1839 ,
869 1805 928 1829 nec
941 1791 1126 1842 quisquam

91 1845 274 1892 inferioris
284 1846 421 1884 ordinis
430 1845 580 1883 clericus
591 1871 600 1880 .
627 1842 659 1880 S
661 1846 735 1881 ane
738 1842 772 1889 fi
782 1842 824 1881 id
841 1842 989 1881 utilitas
999 1843 1126 1881 Eccle-

85 1893 321 1941 fiaeftendum
331 1893 525 1943 poposcerit
540 1919 554 1939 ,
580 1893 722 1930 decreto
731 1904 799 1941 pro
811 1907 850 1931 co
870 1891 1069 1932 clericorum
1085 1895 1126 1937 (9¹

92 1943 265 1981 laicorum
283 1943 362 1992 Epi
360 1940 478 1992 scopis
508 1943 666 1990 porrecto
677 1968 691 1986 ,
717 1944 754 1979 in
805 1940 969 1989 raesentia
992 1942 1129 1990 Synoa'i

89 1991 363 2041 transferatur:
388 1992 614 2028 nihilominus
634 1990 706 2028 alio
718 1993 756 2027 in
788 2005 844 2028 oco
861 1992 937 2039 ejus
952 1992 1124 2043 Episcopo

87 2041 279 2091 subrogato
294 2070 303 2079 .
331 2041 520 2091 Inferioris
534 2039 619 2077 vero
629 2040 779 2088 gradus·
789 2039 1009 2079 Sacerdotes
1021 2069 1035 2089 ,
1061 2046 1121 2082 vel

91 2090 160 2130 alii
181 2093 321 2131 Clerici
346 2089 542 2138 concessione
567 2089 706 2137 suorum
722 2089 974 2139 Episcoporum
985 2093 1119 2141 poffunt

54 2145 128 2231 x:gn
142 2139 438 2227 eliliasEcclefias
451 2138 718 2189 transmigrare.
741 2152 775 2189 7.
791 2153 828 2189 q.
847 2151 878 2178 1.
893 2154 924 2179 c.
936 2142 1118 2193 Episcopi

114 2204 239 2276 eNileco
258 2238 269 2273 i
278 2237 426 2273 Concilii
434 2250 543 2274 canoro
549 2247 602 2281 ις.
612 2237 762 2285 prohibet
771 2238 1011 2282 Episcoporuin
1019 2242 1124 2275 transs-

93 2246 414 2358 lat'iongsibbgtoet?
433 2280 643 2328 depositionis
654 2291 673 2313 a
691 2280 834 2314 lecundo
845 2281 1064 2329 Episcopatu,
1085 2292 1123 2318 ut

94 2323 262 2359 dimiss'um
273 2334 305 2356 re
345 2334 378 2359 m
400 2331 423 2356 t.
433 2324 495 2357 Sed
505 2322 738 2363 lublequutum
746 2321 942 2356 Concilium
951 2324 1124 2357 Sardicen-

92 2362 125 2398 sc
136 2364 246 2398 multo
255 2362 393 2398 severius
401 2365 468 2406 agit
478 2375 554 2405 cum
563 2362 724 2404 ejusmodi
732 2363 1125 2408 translatitiisEpiscopis‚

91 2416 178 2448 quos
188 2417 259 2441 non
270 2405 379 2440 solum
387 2415 528 2448 utroque
540 2404 643 2447 privat
653 2403 852 2447 Episcopatu
860 2428 872 2451 ξ
883 2405 935 2439 led
946 2405 1011 2447 ipla
1020 2408 1121 2441 etiam

91 2446 178 2481 laica
188 2446 427 2484 communione
437 2460 446 2480 ι
468 2452 502 2481 &
512 2446 533 2480 fi
543 2447 674 2480 accedat
683 2455 894 2480 contumacia
904 2470 916 2486 ,
934 2459 975 2483 ne
983 2448 1120 2490 quidem

90 2488 127 2523 in
137 2487 202 2524 fine
212 2488 288 2523 vitae
298 2489 543 2523 communicare
553 2487 712 2530 permittit
723 2513 732 2520 .
752 2487 843 2521 Vide
851 2487 994 2530 superius
1011 2496 1120 2526 anno-

81 2530 160 2565 'tata
171 2530 206 2565 in
217 2540 391 2572 utrumque
398 2529 663 2566 ‘can.Nicaenum
670 2552 687 2573 ‚K
705 2531 740 2564 δε
757 2528 912 2565 Sardic.1.

141 2584 192 2620 ¹3·
216 2574 315 2612 Can.
334 2573 511 2612 xxxii.
534 2573 650 2611 Irrita
670 2575 738 2609 erit
763 2573 907 2622 donatio
929 2572 1118 2623 Episcopo.

79 2636 169 2661 ⁴rum
181 2650 195 2671 ,
209 2622 270 2660 vel
277 2622 438 2661 venditio
447 2649 460 2669 ‚
473 2622 534 2660 vel
546 2623 767 2659 commutatio
780 2625 833 2659 rei
845 2621 1114 2671 Ecchfiafficae,

59 2698 67 2711 .
94 2669 227 2722 absque
240 2676 462 2718 conniventia
473 2671 767 2720 &subscriptione
781 2673 816 2709 C
817 2671 999 2710 lcricorum
1013 2701 1021 2706 .
1050 2707 1052 2709 ,

131 2721 302 2764 Cap-Sine
311 2720 501 2764 exceptione
509 2740 521 2761 ⁵
546 2731 595 2766 12.·
604 2730 636 2762 q.
647 2731 676 2753 2.
687 2722 721 2754 &
731 2728 900 2762 pei-totam
909 2746 918 2754 .
940 2721 978 2755 In
986 2720 1115 2756 Galliae

91 2775 194 2807 regno
204 2775 261 2805 per
269 2763 416 2797 edictum
425 2761 562 2797 Henrici
571 2761 702 2795 (ecundi
711 2770 803 2804 an.15
809 2762 1074 2804 58.instauratum
1084 2765 1118 2798 in

93 2805 256 2840 Comitiis
268 2804 554 2839 Aurelianenfibus
563 2803 623 2850 sub
629 2803 757 2837 Carolo
767 2815 860 2838 nono
870 2813 930 2838 art.
939 2815 988 2846 29.
996 2817 1116 2839 nemo-

91 2858 164 2883 rum
182 2849 226 2880 ad
244 2847 402 2880 Ecclelias
420 2846 652 2888 pertinentium
670 2856 820 2887 proceras
838 2846 967 2880 arbores
977 2847 1126 2887 dejicerev

89 2888 281 2963 Erohibetur
291 2887 479 2935 Episcopss,
500 2886 703 2934 &bbaiibuffi
724 2890 759 2934 ὃς
777 2887 1116 2937 quibuscunqueprae-

113 2931 240 2964 endatis
259 2953 271 2970 ‚
301 2930 438 2972 aliisque
464 2928 664 2971 quibuslibet
681 2929 824 2970 perionis
843 2953 851 2962 .
882 2930 1118 2964 Solemnitatcs

89 2971 195 3006 etiam
211 2971 383 3006 servandas
401 2971 442 3004 ad
453 2970 636 3012 legitimam
654 2981 762 3004 terum
780 2970 930 3005 Ecclesiae
941 2971 1119 3006 alienatio-

82 3015 168 3048 'nem
177 3037 188 3054 ,
197 3013 315 3056 quibus
326 3012 536 3056 praetcrmillis
545 3011 630 3045 foret
641 3011 784 3045 invalida
796 3036 806 3051 ‚
825 3012 920 3046 refert
932 3012 1117 3048 Chenutius

89 3053 554 3100 GallicanusJurisconsultus
572 3053 605 3086 in
616 3053 674 3086 suo
692 3055 732 3087 de
749 3065 857 3089 rerum
876 3054 1024 3088 Ecclcliae
1036 3055 1118 3092 alie.»

92 3094 230 3131 natione
237 3100 376 3131 tractatu
389 3122 396 3129 .
418 3096 573 3140 Quarum
591 3098 705 3129 ‘Prima
714 3095 759 3128 est
768 3119 779 3134 ‚
800 3105 836 3129 ut
847 3098 1004 3139 praecedat
1014 3096 1116 3139 Capi-

91 3136 158 3171 mli
167 3135 223 3174 seu
230 3137 322 3172 Cleri
333 3137 525 3172 deliberatio
536 3140 570 3171 δε
589 3135 736 3170 cosensus
746 3136 864 3179 scripto
873 3139 1030 3180 expressus
1039 3150 1115 3174 cum

64 3188 67 3190 ·
91 3177 294 3224 fingulornm
303 3178 554 3222 subscriptione,
576 3179 664 3217 iuxta
674 3179 761 3212 hunc
779 3178 883 3221 ipsum
893 3190 963 3213 can.
975 3179 1117 3214 Cartha-

93 3219 260 3265 glpensem
270 3246 278 3254 .
289 3224 423 3255 Secunda
433 3245 444 3261 ,
453 3230 490 3255 ut
499 3233 554 3263 per
565 3220 760 3262 Capitulum
769 3230 862 3254 certae
872 3220 1013 3262 perlonae
1021 3233 1116 3256 eom-

32 3268 35 3276 ⁴
96 3264 317 3310 mittantur-ad
328 3263 460 3310 juridice
470 3262 703 3309 inquirendum
713 3263 752 3295 de
769 3262 929 3304 qualitate
939 3263 1005 3303 rei,
1026 3264 1117 3312 cuius

31 3279 37 3354 l
92 3301 252 3348 trassatur
268 3304 444 3349 alienatio,
466 3307 571 3346 deque
588 3306 733 3337 utilitate
750 3313 807 3337 aut
825 3304 1007 3337 neccllitate
1027 3306 1115 3339 istius

33 3355 37 3375 l
94 3342 307 3376 alienationis
316 3357 326 3376 .-
348 3351 420 3386 qiiae
429 3346 514 3380 facta
525 3348 660 3379 demum
671 3345 857 3387 perquisitio
866 3347 908 3379 ad
917 3345 1121 3388 Capitulum-

94 3382 253 3430 referatur
263 3408 272 3417 .
294 3387 418 3426 Tertia,
439 3397 475 3422 ut
484 3387 613 3430 publice
623 3399 677 3428 per
688 3387 850 3421 Parochos
859 3396 933 3421 tum
944 3388 1009 3422 loci
1020 3411 1031 3427 ,
1040 3397 1054 3422 t
1079 3401 1114 3422 in

90 3435 220 3472 vicinos
230 3449 241 3465 ‚
263 3437 381 3473 perque
390 3427 503 3463 affixas
509 3429 677 3463 schedulas
687 3429 901 3462 denuncietur
913 3429 1021 3463 futura
1031 3441 1049 3463 a
1066 3441 1114 3464 ie-

35 3473 38 3504 l
92 3476 188 3514 natio
198 3478 253 3508 per
261 3467 480 3503 licitationem
488 3481 526 3504 ac
535 3470 816 3506 subhastationem
824 3494 836 3510 ‚
859 3482 934 3504 cum
944 3470 1008 3505 dici
1018 3475 1051 3506 δε
1062 3473 1115 3506 lo-

34 3505 39 3599 }
83 3516 122 3561 [ci
135 3508 195 3542 defi
219 3508 356 3556 natione
364 3532 376 3547 ,
398 3519 434 3544 ut
443 3510 503 3553 qui
511 3512 583 3553 plus
592 3511 799 3559 licitaverit,
812 3512 895 3559 datis
905 3512 1114 3562 cautionibus

91 3560 161 3585 rem
171 3562 193 3585 o
216 3559 319 3585 tineat
330 3575 338 3585 .
359 3554 485 3602 ,Quarta
495 3575 506 3592 ‚
527 3561 563 3586 ut
572 3554 867 3596 accedat‚Epilcopi
876 3577 888 3594 ‚
910 3563 966 3589 aut
984 3554 1113 3590 Vicani

1173 275 1242 317 cius
1251 277 1440 325 consensus,
1462 278 1517 323 vel
1531 278 1687 320 Abbatis‚
1706 280 1781 317 fide
1798 292 1833 317 re
1851 286 1964 325 agitur
1980 274 2188 321 monastssflff,

1174 319 1415 366 cuin-conlegisti
1432 317 1829 364 CapituliRegularium:
1847 320 2131 366 quowuitlmocalh
2143 331 2191 354 re-

1171 368 1313 408 quiritur
1321 370 1423 397 etiam
1433 360 1528 407 Papae
1536 362 1727 403 approbatio
1737 376 1748 404 ;
1767 373 1838 399 non
1855 365 1946 399 enim
1963 361 2122 411 l'uffieeret
2130 363 2192 399 Su-

1173 411 1308 475 {gemus
1323 402 1511 450 generalis}
1539 412 1596 448 aut
1613 404 1822 445 provincialis
1839 406 1993 447 regularis
2008 412 2171 441 autoritas
2181 427 2189 436 .

1200 442 1338 489 raqdifiae
1349 451 1556 488 requiruntur
1565 444 1787 482 lolemnitates
1797 468 1808 486 ,
1829 447 1951 482 etiamst
1963 458 2032 481 non
2042 445 2099 481 fiat
2107 445 2192 479 alie-

1173 491 1267 516 natio
1279 495 1312 518 in
1322 493 1513 526 perpetuum
1522 507 1533 523 ,
1542 495 1598 518 aut
1608 488 1647 519 ad
1657 486 1790 530 triginta
1799 499 1905 523 annos
1917 512 1926 527 ,
1940 489 2124 524 dummodo
2133 484 2190 521 fiat

1176 525 1392 571 emphyteusis
1399 526 1485 572 ultra
1495 527 1710 568 novennium,
1720 538 1756 563 ut
1765 540 1803 562 cx
1813 528 1902 570 praxi
1915 533 1948 563 δε
1959 531 2026 569 jure
2035 527 2193 564 Gallica-

1174 574 1221 601 no
1232 568 1325 612 relcrt
1334 567 1538 607 cherrimus,
1547 569 1668 603 addens
1678 592 1687 609 ‚
1697 572 1748 605 vel
1759 567 1803 604 ob
1813 581 1917 604 unuin
1927 570 2133 611 praefatarum
2143 567 2196 603 so-

1174 606 1386 653 lemnitatum
1405 606 1569 655 defeiftum
1578 633 1588 648 ,
1612 611 1724 644 multis
1742 610 1870 650 iudiciis
1890 613 2068 646 declaratas
2086 610 2192 654 irritas

1163 646 1264 682 ‘fuisse
1274 649 1364 683 hasce
1373 649 1615 698 alienationes,-
1630 664 1702 694 quae
1719 652 1912 687 videbantur
1930 654 2101 698 plusquam
2117 661 2194 686 cen-

1173 697 1245 722 tum
1255 702 1420 739 annorum
1427 691 1665 739 praescriptione
1674 693 1897 738 firmatet‘sres
1907 693 2001 734 iustas
2011 704 2118 730 rerum
2127 692 2194 728 'Ec-

1174 730 1276 764 clesiae
1286 733 1499 781 alienationis
1514 732 1625 782 causas
1644 736 1738 769 docet
1747 736 1848 779 glossa
1866 735 1900 769 in
1910 735 2073 777 prooemio
2084 734 2192 768 vcausae

1177 783 1289 813 12.q.2.
1296 773 1403 807 Prima
1413 773 1705 816 est,ev1dens=ps1us
1715 776 1863 812 Ecclesiae
1872 776 2087 811 necess'itastut
2096 776 2116 809 fi
2126 775 2195 809 fru-

1170 814 1245 848 >ctus
1255 817 1295 852 ad
1308 815 1431 854 debitas,
1441 815 1581 858 Ecclefie
1593 816 1798 859 impensam
1807 817 1901 854 Cleri
1910 817 2191 855 (intentationem,

1167 865 1224 889 aut
1235 856 1420 891 debitorum
1429 856 1630 894 {blutionem
1640 857 1777 892 minime
1787 858 2052 899 sufficiant5cl¹0c
2061 859 2193 900 juspor-

1169 897 1295 944 rechin}
1304 922 1314 935 ,
1339 908 1386 936 ιο.
1395 910 1427 943 q.
1439 909 1471 932 2-
1477 897 1584 932 Causa
1595 898 1733 933 secunda
1743 901 1787 933 est
1798 900 1924 942 pietatis
1935 924 1944 940 ,
1962 902 2003 944 ad
2012 905 2191 944 egenorum

1170 939 1270 972 lubfid
1278 951 1344 973 ium
1356 940 1388 973 in
1399 940 1490 982 gravi
1500 940 1682 974 necestitate
1692 964 1704 980 ,
1713 950 1770 975 aut
1780 942 2039 984 redemptionem
2048 941 2195 983 captivo-

1168 992 1242 1027 rum
1252 1004 1262 1019 ,
1287 982 1373 1030 iugtta
1391 982 1547 1028 traditam
1565 985 1583 1015 a
1594 980 1706 1028 sancto
1724 983 1890 1030 Gregorio
1910 983 1997 1025 Papa
2007 982 2195 1028 doGtrinam

1167 1022 1226 1058 lib.
1238 1030 1265 1064 ς.
1276 1022 1364 1064 epist.
1376 1034 1424 1063 17.
1443 1027 1476 1057 δε
1494 1022 1550 1057 lib.
1561 1034 1591 1065 7.
1609 1024 1696 1067 epist.
1706 1036 1737 1066 4.
1753 1026 1902 1067 quivult.
1914 1024 1962 1058 his
1981 1025 2100 1059 cafibus
2120 1026 2193 1056 vala

1168 1066 1256 1097 lacta
1267 1063 1429 1106 confringi
1441 1068 1475 1099 &
1484 1065 1657 1106 pecuniam
1666 1065 1805 1102 conflari
1818 1091 1826 1098 .
1846 1071 1978 1101 ,Aurum
1995 1066 2084 1100 babet
2093 1067 2197 1099 Eccle-

1162 1107 1210 1152 fia
1218 1128 1229 1144 ‚
1240 1117 1299 1138 non
1307 1108 1455 1147 urservet
1462 1108 1529 1147 ‚sed
1539 1117 1637 1148 eroget
1646 1113 1692 1142 (T
1697 1107 1863 1150 subveniat
1870 1111 1903 1140 in
1912 1117 1980 1142 nece
2004 1107 2128 1142 statibus
2137 1129 2147 1145 ‚
2169 1116 2196 1138 c.

1170 1158 1286 1193 aurum
1297 1172 1306 1187 ,
1333 1159 1379 1194 12.
1389 1160 1421 1189 q.
1432 1159 1461 1181 ι.
1480 1152 1559 1194 δί’-ε.
1572 1150 1618 1194 ‘ad
1639 1153 1756 1188 aures,¹
1774 1151 1813 1182 de
1822 1148 1886 1183 reb.
1899 1149 1964 1183 Ecc
1980 1161 2007 1183 e.
2017 1160 2086 1183 non
2096 1148 2195 1194 alien.

1169 1189 1287 1236 Tertia
1296 1192 1391 1223 caula
1399 1190 1445 1224 est
1462 1200 1604 1236 majoris·
1614 1190 1763 1224 Ecclesiae
1781 1190 1974 1230 commodi,
1998 1194 2032 1225 δε
2042 1189 2196 1224 utilitatis

1169 1232 1329 1266 evidentis
1341 1254 1350 1270 ,
1372 1242 1399 1264 c.
1409 1231 1473 1267 sine
1482 1240 1671 1272 exceptione
1682 1255 1692 1272 ‚
1714 1235 1786 1266 &a
1796 1234 1933 1266 terrulas
1942 1256 1953 1272 ,
1977 1242 2026 1265 12.
2036 1244 2069 1273 q.
2081 1242 2109 1264 z.
2120 1230 2192 1263 De-

1168 1271 1270 1318 nique
1279 1282 1394 1306 contra
1405 1272 1642 1306 alienationem
1652 1297 1663 1314 ‚
1684 1283 1757 1315 quae
1768 1274 1804 1308 fit
1813 1285 1831 1310 a
1842 1273 2002 1315 Capitulo
2012 1297 2023 1313 ,
2044 1274 2096 1306 vel
2107 1282 2192 1305 unus

1168 1315 1311 1355 ejuldem
1328 1313 1479 1356 Capituli
1496 1326 1517 1348 o
1543 1325 1666 1355 ponens
1683 1314 1865 1349 audiendus
1882 1316 1958 1353 cst,
1969 1314 2026 1348 c.fi
2037 1313 2131 1358 quis,
2154 1315 2194 1346 de

1167 1355 1232 1390 reb.
1243 1356 1322 1389 eccl.
1331 1366 1400 1402 non
1411 1356 1508 1392 alien.
1520 1326 1656 1402 {terrim
1666 1355 1699 1389 in
1710 1367 1742 1389 re
1753 1356 1923 1389 communi
1934 1354 2045 1396 potior
2052 1355 2099 1402 est
2108 1365 2190 1401 con-

1166 1397 1253 1432 ditio
1271 1396 1472 1438 prohibentis
1481 1421 1492 1437 ,
1515 1409 1543 1431 c-
1561 1409 1595 1432 in
1613 1408 1646 1434 re
1664 1397 1856 1437 communi,
1884 1399 1922 1431 dc
1945 1407 2032 1438 regu.
2050 1407 2109 1437 jur.
2120 1407 2154 1428 in
2163 1399 2193 1429 6.

1166 1438 1436 1485 Conciliiautem
1453 1438 1714 1487 Carthaginensis
1722 1438 1832 1486 quinti
1850 1449 1921 1473 can.
1931 1448 1960 1480 4.
1978 1447 2067 1485 vetat
2077 1436 2194 1484 Eccle-

1163 1480 1214 1514 fiae
1237 1491 1307 1513 rem
1323 1481 1462 1518 alienari
1481 1482 1670 1515 inconsulto
1683 1481 1843 1514 Primate.
1865 1479 1948 1514 Sane
1959 1491 2072 1513 minor
2080 1490 2191 1527 requi-3

1166 1521 1249 1558 ritu‘r
1259 1521 1450 1555 solemnitas
1458 1521 1493 1559 in
1504 1522 1716 1556 distrahendis
1726 1522 1855 1556 terrulis
1873 1532 1930 1556 aut
1940 1521 2082 1556 vineolis
2093 1523 2192 1561 longe

1167 1562 1276 1637 politils
1286 1586 1297 1602 ‚
1317 1572 1355 1596 ut
1365 1563 1525 1597 deciditur
1533 1564 1629 1604 hujus
1638 1562 1787 1601 Concilii
1796 1574 1867 1597 can.
1879 1572 1895 1607 5
1901 1573 1929 1605 3.
1947 1567 1982 1597 &
1992 1563 2113 1596 citatur
2121 1574 2194 1596 can.

1166 1614 1251 1639 terru
1270 1615 1303 1637 as
1317 1614 1365 1637 12.
1399 1629 1407 1637 .
1419 1615 1448 1637 2.

1216 1615 1628 1693 14.Can-3(XX1V.Ut
1640 1646 1836 1698 Episcopus
1850 1650 1886 1686 in
1896 1646 2048 1697 quolibet
2067 1646 2137 1686 loco
2145 1644 2202 1694 fi·-

1170 1695 1260 1734 dens
1276 1722 1290 1743 ,
1313 1695 1409 1741 flare
1426 1697 1678 1749 Presbyterum
1692 1700 1756 1735 non
1774 1700 1954 1747 patiatur.
1973 1708 1993 1745 9
2000 1709 2032 1744 5.
2047 1710 2078 1736 c.
2103 1697 2197 1744 Epi-

1156 1760 1158 1762 ·
1173 1745 1309 1790 scopus
1326 1748 1364 1783 in
1376 1747 1552 1794 quolibet
1567 1775 1577 1784 .
1979 1765 1982 1769 ·

1212 1794 1410 1843 Huc-referri
1421 1796 1526 1839 potest
1534 1819 1544 1835 ‚
1555 1798 1646 1838 quod
1657 1795 1765 1831 scribit
1775 1795 2005 1839 Hieronymus
2015 1795 2106 1837 epist·
2117 1807 2146 1829 2.
2155 1797 2196 1829 ad

1170 1836 1403 1879 Nepotianum
1413 1850 1423 1870 τ
1443 1839 1576 1880 Episcopi
1583 1841 1618 1880 se
1639 1840 1691 1881 effi
1711 1841 1882 1872 Sacerdotes
1899 1842 2100 1871 meminerint
2110 1861 2120 1877 ‚
2142 1849 2200 1870 non

1168 1879 1301 1918 dominos
1310 1890 1318 1918 3
1338 1881 1482 1913 honorent
1489 1883 1613 1913 elericos
1626 1904 1636 1919 ,
1660 1881 1746 1923 quasi
1754 1883 1899 1918 elericos,
1919 1889 1955 1913 iit
1966 1886 2012 1914 (9⁴
2021 1880 2087 1921 ipfis
2096 1879 2116 1912 a
2125 1882 2196 1913 Cle-

1172 1923 1239 1952 ricis
1248 1921 1486 1962 quast-Epifiopis
1494 1923 1583 1954 honor
1591 1924 1750 1962 deferatur
1761 1946 1768 1954 .
1792 1915 1907 1955 §citum
1921 1922 1963 1962 est
1979 1924 2057 1957 illud
2075 1924 2197 1954 oratori.

1166 1964 1317 2005 Domitii:
1339 1966 1414 1996 Cum
1426 1975 1477 2004 ego
1494 1973 1525 1996 te
1542 1964 1668 2003 babeam
1685 1973 1722 1998 ut
1739 1967 1914 2005 ‘Principem
1926 1987 1936 2001 ,
1959 1976 2012 1996 cur
2033 1973 2067 1996 tu
2078 1974 2194 1996 menon

1165 2004 1274 2036 habeas
1288 2012 1325 2037 ut
1334 2007 1511 2038 Senatorem
1520 2032 1530 2038 .
1553 2004 1596 2038 Et
1607 2004 1759 2039 subinde:
1781 2007 1971 2039 recordemur
1973 2006 2095 2047 semper
2106 2005 2199 2046 ‚'quid

1164 2045 1329 2087 Apostolus
1337 2049 1451 2079 ‘Petrus
1455 2049 1609 2088 pracipiat
1617 2048 1823 2081 Sacerdotibus
1832 2060 1843 2080 .-
1864 2048 1985 2087 ‘Pascite
1994 2059 2064 2080 eum
2075 2070 2086 2086 ,
2105 2050 2159 2088 qui
2166 2050 2198 2079 in

1162 2087 1247 2120 vobis
1254 2087 1296 2128 est
1304 2110 1315 2126 ,
1332 2099 1455 2129 gregem
1465 2091 1591 2124 Damna
1600 2112 1609 2126 ,
1628 2092 1828 2131 providentes
1838 2101 1896 2122 non
1905 2088 2003 2121 εοαὶἒὲ
2013 2113 2024 2128 ,
2038 2089 2093 2130 sed
2106 2090 2197 2130 spon-

1161 2130 1420 2169 taneificunduns
1429 2134 1532 2163 Deum
1540 2142 1554 2169 ‚·
1574 2140 1671 2172 neque
1679 2135 1776 2174 turpis
1785 2135 1864 2166 lucri
1879 2133 1984 2172 gratia
1993 2153 2003 2169 ‚
2019 2132 2075 2172 fii
2085 2134 2200 2164 volun-

1165 2170 1243 2205 taric¹
1253 2183 1264 2211 3
1287 2182 1383 2212 neque
1392 2181 1430 2204 ut
1436 2172 1628 2206 dominantes
1634 2177 1666 2206 in
1675 2176 1765 2209 Clero.
1771 2194 1782 2214 ,
1793 2175 1851 2215 fid
1852 2174 1963 2214 forma
1965 2171 2051 2213 falli
2055 2175 2153 2214 gregis
2161 2184 2200 2204 ex

1164 2216 1267 2246 animo
1277 2225 1288 2245 .-
1297 2222 1335 2246 ut
1343 2225 1412 2246 cum
1422 2218 1599 2255 apparuerit
1615 2218 1762 2258 Princeps
1775 2213 1944 2258 pastorum,
1953 2217 2126 2257 percipiatis
2133 2217 2194 2246 im-

1166 2255 1500 2330 marceAJibilemgloriae
1508 2267 1647 2289 coronam
1658 2283 1665 2290 .
1687 2257 1772 2291 Haec
1781 2257 1878 2291 simul
1895 2258 2085 2300 allegantur
2093 2265 2120 2289 c.
2130 2255 2200 2289 esto

1165 2294 1252 2337 iubje
1288 2307 1325 2330 us
1333 2319 1346 2337 ‚
1357 2297 1427 2328 dist.
1436 2305 1488 2338 95.
1498 2296 1563 2329 His
1573 2297 1752 2332 conformis
1761 2299 1806 2333 est
1816 2298 1988 2340 insequens
1996 2298 2056 2332 'iste
2065 2302 2174 2333 canon
2185 2306 2204 2332 5

1221 2362 1280 2398 15.
1305 2354 1404 2391 Can.
1420 2353 1596 2392 XXXV.
1622 2352 1679 2390 Ut
1698 2352 1901 2403 Episcopus
1914 2357 1950 2392 in
1969 2353 2199 2400 Ecclefia‚(5

1166 2402 1202 2437 in
1210 2401 1357 2449 conseffu
1369 2401 1662 2449 Presbyterorum
1670 2400 1854 2450 sublimior
1857 2402 2005 2451 sedeat,
2017 2405 2115 2441 intra
2128 2404 2195 2440 do-

1163 2464 1254 2487 mum
1269 2453 1354 2490 verb
1368 2453 1535 2498 collegam
1545 2450 1584 2498 sc
1599 2451 1630 2493 S
1633 2451 1837 2490 acerdotum
1849 2454 1913 2499 effe
1925 2450 2125 2502 cognoscat.

1202 2498 1287 2546 Dist.
1296 2510 1348 2543 95.
1357 2513 1426 2544 cap.
1436 2499 1618 2548 Episcopus
1627 2500 1835 2540 inEcclefia.
1858 2503 1896 2536 ln
1914 2503 2067 2547 Litargia
2077 2501 2187 2545 Chry-

1141 2558 1143 2560 ν
1158 2538 1232 2573 sost.
1243 2543 1330 2576 ledes
1342 2543 1545 2585 Episcopalis
1555 2544 1675 2577 dicitur
1691 2554 1820 2584 cap.21.
1848 2547 1861 2575 κ’
1880 2545 2079 2585 ε’πκνωκκρεζδροι
2093 2568 2103 2584 ,
2127 2556 2192 2585 qua

1153 2582 1293 2629 sublitnIs
1302 2585 1344 2630 est,
1351 2587 1493 2618 cathedra
1503 2608 1514 2625 ,
1537 2591 1584 2620 θ’
1600 2586 1735 2618 omnibus
1752 2587 1907 2628 conspicua
1917 2610 1925 2618 .
1947 2584 2109 2628 Dicitque
2119 2590 2195 2621 Au-

1156 2624 1237 2665 gust.
1252 2636 1285 2658 in
1298 2626 1378 2659 Plal.
1389 2629 1439 2660 26.
1449 2629 1695 2669 EpiscopIsaltior
1710 2629 1835 2668 ponitur
1845 2629 1929 2669 sedes
1939 2650 1949 2666 ‚
1972 2637 2008 2662 ut
2016 2630 2194 2670 cognoscant

1146 2667 1183 2705 Je
1191 2677 1252 2711 qua
1248 2667 1278 2708 fi
1286 2671 1430 2701 vinitores
1439 2672 1471 2701 in
1473 2670 1563 2710 specu
1572 2668 1743 2710 constitutos
1751 2669 1803 2711 esse
1811 2672 1850 2703 ad
1860 2673 1987 2702 vineam
1998 2674 2124 2702 Domini
2132 2673 2190 2702 Sa-

1155 2707 1242 2740 baoth
1253 2731 1262 2746 ,
1284 2722 1348 2750 qua
1357 2710 1399 2750 est
1408 2711 1471 2750 ejus
1480 2712 1609 2752 Ecclefia
1618 2734 1630 2750 ‚
1651 2710 1872 2750 custodiendam
1883 2735 1894 2751 ‚
1906 2717 1953 2746 (y
1962 2713 1997 2744 de
2007 2710 2058 2751 isto
2068 2714 2128 2744 loco
2138 2715 2190 2744 al-

1160 2756 1191 2780 to
1197 2754 1361 2792 periculostt
1370 2755 1448 2784 ratio
1457 2754 1594 2785 redditur
1603 2776 1611 2785 .
2061 2766 2067 2772 ”

1212 2795 1309 2831 Can.
1336 2795 1455 2832 XXX
1466 2798 1490 2833 V
1502 2798 1531 2833 l.
1559 2796 1768 2842 Presbyteri
1793 2822 1804 2841 ‚
1832 2798 1894 2844 qus·
1914 2807 1978 2843 per
2003 2795 2187 2843 Dioecescs

1159 2842 1341 2890 Ecclefias
1352 2855 1474 2892 regunt
1486 2871 1499 2891 ‚
1519 2859 1580 2883 non
1594 2860 1619 2881 a
1641 2845 1854 2893 quibuslibet
1881 2844 2070 2893 Episcopis
2082 2872 2094 2891 ‚
2114 2844 2187 2893 sed

1159 2894 1186 2930 ὰ
1199 2890 1270 2937 suis
1280 2906 1294 2932 .·
1319 2908 1379 2932 nec
1400 2906 1468 2943 per
1477 2897 1649 2942 juniorem
1664 2894 1843 2932 Clericum
1856 2921 1867 2941 ‚
1889 2893 1958 2941 sed
1969 2905 2030 2932 aut
2037 2907 2104 2943 per
2112 2895 2140 2943 s
2139 2899 2189 2944 ci-

1156 2940 1238 2991 psos
1249 2969 1261 2989 ,
1287 2955 1350 2981 aut
1356 2955 1423 2993 per
1433 2944 1531 2982 illum
1545 2947 1606 2993 qui
1620 2942 1824 2991 sacrarium
1859 2954 1953 2981 tenet
1976 2970 1989 2990 ‚
2017 2955 2099 2982 ante
2110 2947 2189 2984 Pa-

1153 2991 1247 3039 scbae
1274 2991 1532 3039 solemnitatem
1559 2993 1728 3041 Chrisma
1740 3005 1868 3043 petant
1880 3020 1893 3040 ,
1920 3007 1950 3032 c.
1964 2994 2187 3042 Presbyteri

1160 3045 1224 3091 qui
1243 3055 1307 3089 per
1318 3069 1329 3088 ,
1356 3044 1437 3082 dist.
1454 3055 1514 3091 95.

1191 3090 1272 3137 Jam
1282 3090 1358 3125 ante
1366 3091 1471 3126 fuerat
1481 3092 1696 3127 constitutum
1704 3093 1769 3127 hoc
1780 3091 1790 3125 i
1794 3094 1870 3126 dem
1888 3092 1923 3126 in
1940 3091 2101 3128 Concilio
2110 3093 2184 3127 Va-

1157 3133 1287 3166 lentino
1298 3133 1404 3180 primo
1414 3134 1470 3168 sub
1481 3134 1745 3180 Damasofapa:
1762 3145 1840 3181 *quoe
1858 3134 2052 3182 constitutio
2062 3135 2182 3178 legitur

1158 3174 2183 3266 {5¹}“1552322222.fdssffssssli{2²23.‘}¹‚{5.·?·E⁰s²05¹.³s.²2.·,¹‘2¹2222{it-1

1158 3257 1285 3290 buslibet
1300 3262 1443 3301 Episcopis
1453 3283 1464 3299 ,
1477 3261 1532 3300 sed
1550 3271 1570 3291 a
1587 3261 1638 3298 suo
1648 3271 1658 3299 ;
1678 3271 1731 3292 nec
1747 3270 1800 3301 per
1819 3263 1966 3293 minore-m
1983 3262 2158 3294 clericorum
2169 3284 2180 3299 ,

1149 3300 1204 3339 fid
1219 3310 1274 3340 per
1282 3302 1407 3342 seipsos,
1427 3311 1484 3334 aut
1499 3312 1552 3342 per
1569 3303 1660 3334 illum
1677 3304 1731 3342 qui
1748 3301 1880 3341 eiusdem
1899 3303 2020 3335 Ordinis
2022 3302 2085 3344 fit,
2107 3312 2180 3335 ante

1157 3341 1276 3381 ‘Pascha
1286 3343 1516 3389 fhlensnitatem·
1533 3343 1660 3383 chrisma
1671 3352 1802 3384 perant.
1824 3341 1868 3377 Et
1886 3343 1922 3376 in
1932 3343 2106 3389 Toletano
2116 3343 2181 3390 pri..

1156 3393 1213 3427 ino
1224 3382 1384 3417 Concilio
1392 3384 1471 3419 anni
1479 3394 1554 3426 400.
1563 3394 1634 3417 can.
1644 3394 1694 3418 20.
1705 3382 1887 3419 decernitur
1895 3408 1906 3427 ,
1928 3382 1947 3417 a
1957 3384 2035 3418 [olis
2045 3385 2181 3427 Epilco-

1156 3434 1204 3464 pis
1213 3423 1349 3470 chrisma
1358 3426 1601 3460 conficiendum
1610 3425 1671 3466 effe
1683 3438 1692 3464 3
1714 3428 1747 3460 &
1757 3425 1775 3459 a
1787 3425 1900 3460 diffitis
1910 3424 1963 3459 stu
1974 3427 2111 3461 remotis
2123 3426 2182 3460 Ec.

1155 3465 1257 3498 clefiis
1275 3466 1452 3502 mittendos
1461 3469 1520 3502 else
1531 3468 1581 3501 vel
1593 3465 1817 3509 presbyteros,
1838 3469 1890 3502 vel
1902 3466 2098 3507 Diaconos,
2118 3467 2179 3508 qui

1156 3515 1231 3540 ante
1249 3507 1416 3544 Paschalia
1434 3509 1511 3543 festa
1530 3520 1604 3542 acce
1642 3520 1701 3556 usn
1717 3507 1854 3543 chrisma
1873 3509 1907 3543 in
1925 3509 2025 3543 usum⁴
2039 3509 2117 3543 anni
2136 3510 2177 3542 ad

1139 3558 1207 3582 ¹eas
1217 3549 1380 3586 deferant.
1402 3549 1596 3586 Concilium
1617 3549 1752 3588 imiliter
1766 3550 1913 3587 *Valense
1931 3551 1984 3586 seu
1994 3551 2178 3624 Vaslionen-

1871 3602 1873 3604 ·
2053 3602 2070 3625 e
2079 3602 2140 3625 an-
