2470 3990
8 2210 15 2315 ἑ

4 2361 12 2443 ’ἒ

4 2453 11 2476 i

6 2509 10 2569 ἓ

0 2578 9 2674 i

0 2724 7 2840 ἑ

0 2841 5 2872 s

0 2890 4 2934 5

0 2954 4 3012 ,ἱ

755 213 1132 302 Historica

1190 213 1561 326 Synopfis‚
2085 255 2129 318 -3

0 372 5 381 .
37 322 42 331 ι
96 340 198 392 lippi
226 347 349 391 atque
375 333 551 388 Lysaniae
561 332 948 379 TetrarchiisaCaio
959 331 1120 384 Caligu-
1162 333 1298 372 vinum
1321 334 1553 373 vaticinium
1572 332 1692 375 istud:
1717 336 1763 373 In
1780 347 1918 375 vomnem
1936 345 2068 374 terram
2087 334 2200 374 exivit

101 393 144 435 la
154 395 390 441 Imperatore
399 391 570 432 donatus
581 417 595 438 ,
605 404 693 431 cum
702 389 817 440 Regis
834 385 1116 437 appellatione,
1154 383 1258 435 sonus
1271 399 1386 424 eorum
1400 386 1440 426 (θ’
1456 383 1494 423 in
1500 387 1592 437 fines
1610 384 1698 427 orbts
1706 395 1802 425 term
1818 385 1929 427 verba
1951 402 2065 426 eorum
2077 414 2087 424 .
2104 389 2131 426 J
2135 385 2198 436 pse

105 445 199 488 (uit.
225 446 363 496 anue
381 443 428 484 de
446 440 561 484 causa
582 442 764 494 Agrippae
777 437 888 481 soror
907 437 1127 485 Herodias,

102 510 192 550 quae
213 497 396 547 Philippo
413 499 499 538 vito
520 494 588 537 suo
610 495 751 537 relicto
767 491 928 534 incestas
948 504 1037 532 cum
1051 492 1128 531 He-

102 549 199 594 rode
219 548 371 599 Antipa
390 551 548 598 nuptias
573 551 740 595 inierat,
768 547 808 586 ὅτ.
831 557 911 597 qua
927 542 1128 593 impellen-

105 598 261 644 te'idcm
276 602 453 644 Herodes
467 599 636 651 Antipas
649 600 843 657 Joannem
853 596 1061 646 Baptistam
1071 597 1127 635 in-

101 653 510 704 cestumistum'palam
520 654 812 703 redarguentem
828 648 1096 710 decollaverat
1112 665 1128 695 ,ς

99 708 171 750 illa
186 706 266 758 ipsa
282 708 472 749 Herodias
489 706 715 748 ambitionis
737 701 918 754 stimulis,
947 711 996 743 ex
1019 714 1126 741 nova

99 756 230 802 fratris
247 761 439 812 dignitate
455 762 680 810 concitata,
700 750 861 797 Herodi·
883 757 1027 815 marito
1045 749 1127 793 sua-

99 809 147 852 sit
160 836 177 860 ,
210 825 257 853 ut
268 817 412 864 regium
446 809 734 863 pariter‘decus
749 810 789 849 &
810 805 970 859 insignia
991 805 1042 848 ab
1062 820 1127 847 eo-

98 864 188 906 dem
198 866 305 907 Caio
313 863 467 909 Caesare
484 861 715 905 exambiret.
742 860 816 904 Sed
827 860 999 902 mulieris
1008 858 1129 900 ambi-

98 919 204 958 tioni
223 916 398 969 Agrippa
411 916 676 962 intercedens,
705 916 774 966 qui
783 916 911 965 gratia
925 925 1041 962 penes
1049 914 1128 953 Ca-

96 971 180 1011 ium
195 969 316 1022 longe
338 967 599 1020 praevalebat,
629 967 667 1007 1d
686 966 845 1008 tandem
868 964 1025 1015 perfecit
1041 989 1054 1010 ‚
1083 977 1126 1006 ut

98 1018 270 1072 Antipas
298 1022 530 1074 Lugdunum
554 1020 816 1071 relegaretur,
854 1021 894 1059 δε
911 1033 984 1068 pro
1003 1031 1126 1069 regno

99 1075 302 1126 postulato
312 1071 714 1120 sortiretur'exilium,
739 1072 788 1113 ad
807 1072 916 1123 quod
934 1070 1127 1112 Herodias

96 1127 360 1169 incestaluxor
378 1126 490 1167 illum
509 1127 693 1167 comitari
712 1125 869 1169 voluit,
894 1120 1128 1166 attestansse

58 1231 61 1233 ,
97 1182 141 1222 in
167 1176 332 1224 adversis
347 1177 532 1229 perinde,
558 1181 663 1220 acin
680 1175 869 1229 prosperis
895 1174 1045 1218 sociam
1071 1173 1128 1215 fo·

92 1246 136 1274 te
159 1230 420 1274 invididuam.
454 1229 618 1280 Antipae·
637 1231 796 1280 spoliati
824 1232 866 1271 δε
897 1230 1021 1271 exulis
1055 1230 1128 1269 Te-

94 1286 310 1325 trarcbiam
322 1283 529 1325 Galilaeam
550 1287 592 1324 in
609 1285 790 1325 aemulum
809 1286 889 1331 ejus
912 1280 1127 1334 Agrippam

26 1370 28 1378 ,
91 1334 224 1378 Caesar
243 1334 469 1378 transtulit.
495 1337 608 1390 Qin
627 1339 747 1377 etiam
759 1335 975 1383 Claudius,
1004 1333 1126 1383 paulo

94 1388 180 1439 post
200 1388 307 1430 Caio
326 1387 532 1440 succedens
547 1414 562 1437 ,
592 1401 753 1440 regnum
771 1388 952 1445 Agrippa·
964 1387 1128 1427 adauxit

25 1459 27 1461 ·
93 1439 308 1489 accessione
328 1441 471 1500 Judae‘oe
479 1452 513 1490 ,²
524 1443 563 1483 δι
573 1443 755 1484 Samariae
764 1465 780 1489 ,
795 1451 928 1492 *atque
945 1442 1002 1480 ita
1011 1439 1129 1480 ditio-

22 1505 27 1534 ε
93 1495 422 1546 nem-integram,
451 1506 530 1546 qua
545 1498 626 1544 ejus
645 1492 926 1543 potitussuerar
941 1505 1038 1533 avus
1051 1494 1130 1534 He-

92 1546 206 1588 rodes
222 1546 439 1594 Idumaeus,
463 1548 627 1589 tandem
644 1545 823 1600 Agrippa
833 1546 1031 1587 obtinuit.
1058 1542 1127 1597 Iste

91 1599 214 1648 porro
235 1597 274 1640 A
303 1602 412 1650 rippa
421 1599 654 1641 Christianae
667 1595 1046 1651 religionisinfensus
1061 1597 1129 1638 ho-

92 1649 160 1693 stis
179 1652 279 1701 Jaco
309 1666 372 1693 um
391 1650 654 1702 Apostolum,
681 1655 848 1701 Ioannis
861 1649 1044 1700 Apostoli
1060 1647 1131 1690 fra-

93 1716 195 1745 trem
233 1717 332 1746 natu
361 1710 574 1755 majorem,
602 1704 818 1747 decollavit
854 1708 877 1749 3·
898 1716 970 1742 nec
997 1700 1128 1741 multo

90 1758 180 1807 post
215 1782 232 1806 ,
262 1760 522 1805 ut,majorem
538 1756 758 1805 Judaeorurn
776 1757 945 1807 gratiam
961 1753 1130 1795 demere-

89 1822 154 1850 tur
164 1833 180 1855 ,
209 1811 372 1851 Petrum
382 1808 667 1857 Apostolorum
679 1808 1051 1856 Principcmpariter
1062 1819 1127 1846 oc-

86 1860 297 1903 cidendum
326 1863 367 1901 in
386 1860 545 1902 vincula
564 1863 757 1909 conjecit:
783 1866 833 1900 ex'
844 1858 984 1910 quibus
994 1871 1126 1898 tamen

18 1910 19 1918 ¹
83 1911 224 1962 insigni
252 1912 447 1951 miraculo
464 1924 531 1959 per
554 1912 752 1962 Angelum
762 1912 926 1952 edtidlus
947 1909 1053 1952 fuir.-
1069 1909 1126 1951 A't

84 1964 230 2014 Regem
240 1962 455 2014 Agrippam
465 1962 599 2003 divina
610 1964 713 2002 ultio
722 1964 827 2003 brevi
839 1966 1005 2012 excepit.
1018 1963 1127 2004 Cum

14 2025 18 2056 t
83 2018 191 2057 enim
201 2014 252 2056 ad
274 2011 558 2057 Caesareensem
576 2014 770 2066 popolum
781 2014 905 2067 Regio
920 2015 1031 2056 cultu
1043 2014 1126 2056 insi-

83 2070 525 2120 gnis-concionaretur,
554 2065 799 2120 populusque
827 2068 953 2110 eidem
976 2068 1124 2110 dicenti

86 2133 282 2173 tanquam
299 2122 391 2163 Deo
408 2121 647 2162 acclamaret
658 2145 674 2169 ,
703 2119 858 2171 ipseque
865 2135 934 2171 per
942 2135 1125 2173 arrogan-

83 2172 276 2215 tiam³Rex
298 2171 537 2222 superbiret,
561 2177 727 2223 potinus
737 2170 963 2225 absAngelo
986 2172 1123 2223 inipso

86 2225 277 2267 tribunali
299 2222 494 2276 percussus
509 2225 591 2275 est,
619 2229 665 2267 δε
687 2225 989 2276 consternatus,
1018 2228 1122 2268 unde

79 2276 309 2320 'tabescente
331 2280 371 2319 δι
387 2279 581 2319 vermibus
599 2275 773 2320 scatente
785 2292 982 2327 corpore,
997 2280 1120 2321 brevi

85 2327 311 2382 absumptus
330 2330 383 2372 est
396 2360 405 2370 .
433 2331 515 2372 Illo
534 2344 694 2372 mortuo
704 2329 853 2374 tametsi
866 2330 992 2372 filium
1001 2330 1121 2382 super.

77 2382 210 2425 ‘stitem
224 2380 433 2435 reliquisset
446 2409 462 2432 ,
489 2383 622 2440 Judaea
633 2387 847 2426 Provinciae
860 2387 978 2432 Syriae
989 2384 1121 2432 adiun-

83 2437 150 2478 ἀεὶ
159 2438 200 2479 &
208 2436 439 2478 contributa
448 2434 523 2478 fuit
531 2461 546 2485 ,
555 2437 734 2479 Claudio
746 2437 875 2481 adhuc
883 2440 1099 2485 imperante
1109 2466 1121 2476 .

135 2502 171 2538 9.
197 2487 324 2530 Anno
361 2489 510 2531 Christi
527 2535 530 2538 ,
547 2487 840 2541 quadragesimo
870 2502 1016 2583 quarto
1027 2515 1043 2537 ,
1079 2493 1120 2531 &

83 2541 247 2584 Claudii
257 2543 508 2591 Imperatoris
518 2539 708 2590 secundo,
718 2543 809 2583 dum
821 2557 870 2582 na
888 2556 1040 2584 centem
1050 2543 1122 2584 Ec.

87 2591 242 2634 clesiam
260 2591 436 2645 Agrippa
456 2594 540 2634 Rex
561 2595 743 2643 inJudaea
773 2592 1075 2647 persequebatur
1102 2620 1120 2644 ,

83 2645 222 2688 Sancti
242 2644 426 2695 Apostoli
444 2646 598 2687 collato
622 2648 727 2695 prius
742 2650 844 2690 inter
861 2646 897 2689 se
908 2645 995 2689 fidei
1012 2651 1118 2697 Apo.

80 2697 229 2739 stolicae
239 2696 446 2745 symbolo,
475 2713 520 2740 ut
540 2697 630 2740 effet
648 2700 767 2741 veluti
789 2699 969 2740 militaris
982 2700 1119 2742 tessera

79 2755 218 2791 eorum
231 2754 304 2802 qui
321 2751 552 2794 Christi'anae
574 2749 778 2793 fideiintra
798 2751 972 2794 Ecclefiae
992 2753 1119 2794 castra

78 2816 231 2859 nomen
243 2803 432 2845 dederant
442 2829 457 2852 ,
485 2804 533 2847 de
545 2803 725 2846 universo
735 2818 923 2849 terrarum
945 2806 1040 2847 orbe
1050 2805 1116 2847 sub

75 2858 211 2908 *jugum
225 2855 372 2901 Christi
383 2857 594 2909 redigendo
601 2856 804 2899 confilium
814 2861 979 2900 inivere.
1008 2860 1118 2900 Gali·

71 2906 145 2948 .'laei'
154 2910 336 2951 nimirum
350 2908 558 2952 Piscatores
566 2909 660 2951 sotis
669 2911 1117 2961 contemptibiles,omni

74 2959 449 3010 *humanopraefidio
458 2962 646 3011 destituti,
673 2961 887 3013 despicati,
914 2979 1073 3016 egentes
1099 2990 1116 3013 ,

83 3012 358 3063 contumeliis,
385 3014 605 3056 vinculis&
627 3016 850 3058 verberibus
868 3030 1117 3069 quacumque

72 3063 256 3107 'incessuri
270 3072 384 3108 erant
395 3068 642 3118 'excipiendis
668 3069 879 3110 calumniis
887 3073 927 3111 δι
938 3073 1117 3112 cruciati-

0 3137 2 3172 ξ
49 3115 152 3185 Ιζὶιῑιε
166 3115 539 3170 Maece-populorum
553 3146 567 3168 ,
590 3120 612 3161 a
622 3121 1037 3171 mundiSapientibus,
1065 3123 1116 3164 ab

84 3168 280 3211 idolorum
298 3173 576 3215 Sacerdotibus
589 3198 603 3219 ,
633 3172 655 3214 a
678 3174 992 3226 Magistratibus,
1021 3175 1043 3216 ὲ
1059 3173 1117 3218 sae-

78 3220 162 3281 culi
199 3225 426 3271 timoribus,
454 3226 505 3267 ab
517 3224 828 3275 insidiatoribus,
857 3229 1116 3277 &proditori-

89 3270 159 3312 bus
199 3275 344 3317 suibus
370 3278 573 3327 tradendi,
602 3275 828 3320 diffamandi
840 3305 858 3328 ,
884 3281 1082 3334 cruciandi
1098 3305 1114 3328 ,

77 3323 280 3388 ',1²!3³⁶¹f²¹5di
290 3331 329 3369 δι
337 3332 574 3379 trucidandi,
585 3335 652 3383 qui
664 3345 798 3374 tamen
809 3335 912 3373 inter
922 3346 985 3374 tot
995 3347 1114 3385 angu-

84 3372 201 3436 stin-ss¹
212 3379 263 3418 -δε
273 3386 501 3426 vexationes
510 3399 560 3426 eo
573 3382 737 3429 successu
751 3399 891 3426 munus
901 3384 1114 3435 susceptum

85 3427 267 3490 οβὶνςτέ,
296 3444 337 3472 ut
355 3435 501 3477 Christi
518 3436 668 3478 cultum
690 3441 729 3478 &
741 3440 967 3488 religionem
988 3438 1038 3479 ad
1049 3453 1114 3479 ex-

71 3490 228 3529 'tfflJ‘aS
241 3495 433 3543 terrarum.
439 3492 614 3540 regiones
626 3515 640 3538 ,
653 3505 699 3531 ac
709 3488 968 3531 remotiffimas
976 3504 1113 3542 gentes

85 3539 360 3598 proliagannt:
387 3539 427 3578 δε
438 3543 523 3582 vete
534 3541 760 3584 testificetur
773 3544 916 3583 Paulus
931 3568 946 3591 ,
975 3544 1026 3584 ad
1036 3544 1113 3585 Ro.

83 3592 230 3647 manos
242 3589 719 3637 scribensthristianam
741 3594 855 3636 fidem
876 3599 1110 3637 annunciari

85 3650 152 3688 per
162 3640 382 3683 u'nlvcrsum
401 3647 610 3694 mundum,
636 3648 956 3701 completumque
976 3646 1048 3692 esse
1056 3648 1111 3691 di·

1171 451 1304 477 autem
1327 439 1462 479 Petrus
1476 435 1680 489 postquam
1731 439 1861 480 udaeos
1883 441 2087 490 Evangelii
2107 440 2198 482 luce

1170 487 1341 539 perfudit
1361 515 1377 539 ,
1404 490 1628 541 multasque
1639 494 1677 533 in
1729 489 2199 541 siafundavitEcclesias,

1171 544 1404 583 &Marcum
1425 542 1760 594 Evangelistamin
1778 541 2060 587 Alexandriam
2075 543 2200 587 trans·

1170 592 1272 636 mifit
1283 620 1298 643 ,
1310 593 1638 645 opulentissimam
1647 596 1731 645 post
1742 596 1908 647 Romam
1922 600 2127 639 civitatem
2138 611 2199 639 or.

1171 646 1252 696 bis,
1282 649 1501 701 relidtoque
1525 647 1753 691 Antiochiae
1788 646 1843 690 sui
1865 647 2073 692 successore
2096 652 2199 693 Evo-

1169 699 1236 740 dio
1245 725 1261 748 ,
1290 701 1458 742 Romam
1466 698 1623 742 demum
1637 700 1789 743 accessit
1795 716 1925 743 arcem
1934 704 1974 743 &
1989 700 2118 744 sedem
2126 705 2202 745 Im-

1168 752 1498 805 perii,primusque
1508 758 1548 796 in
1559 769 1607 795 ea
1619 753 1819 797 Christum
1826 755 2065 804 praedicavit.
2077 755 2202 798 Clau·

1169 804 1385 848 diiCesaris
1404 810 1552 855 imperii
1565 821 1675 847 anno
1685 809 1992 856 circitertertio,
2020 822 2063 849 ut
2081 806 2199 849 fidem
2237 851 2242 855 ,

1167 854 1263 899 facit
1278 857 1515 901 Eusebiusin
1536 859 1770 901 Chronico:
1797 860 1912 902 &lib.
1940 875 1976 902 2.
2003 859 2101 901 Hist.
2128 862 2201 902 Ec-

1169 907 1258 952 cles.
1286 926 1371 962 cap.
1397 924 1461 964 24.
1492 915 1667 962 Eamque
1694 915 1914 961 primariam
1943 916 2066 954 totius
2093 912 2200 953 orbis

1169 962 1380 1006 Ecclesiam
1392 967 1508 1009 annis
1517 965 1694 1007 excoluit
1706 967 2024 1018 vigintiquinque
2033 991 2048 1014 ,
2077 979 2119 1007 ut
2132 965 2202 1007 ibi—

1168 1017 1255 1062 dem
1275 1021 1428 1065 prodit,
1456 1031 1627 1070 quorum
1643 1018 1896 1067 primordium
1915 1021 1956 1059 in
1983 1032 2133 1059 annum
2145 1020 2203 1058 in—

1169 1070 1266 1110 cidit
1276 1071 1297 1109 a
1309 1071 1455 1112 Christi
1468 1070 1668 1111 natalibus
1679 1069 2010 1122 quadragesimum
2020 1074 2179 1113 tertium
2191 1100 2202 1110 .

1168 1121 1313 1163 Paulus
1338 1124 1456 1172 vero,
1483 1126 1595 1173 juxta
1615 1126 1847 1174 Hieronymi
1861 1122 2136 1165 calculumlib-
2153 1123 2202 1165 de

1168 1172 1297 1224 script.
1325 1173 1470 1218 Eccles.
1498 1176 1667 1217 Romam
1703 1176 1855 1217 vinctus
1885 1177 2075 1218 adductus
2103 1175 2158 1217 est
2184 1200 2201 1224 ,

1167 1229 1343 1270 Neronis
1369 1232 1604 1279 Imperantis
1624 1243 1735 1269 anno
1765 1226 1926 1270 secundo
1944 1254 1958 1277 ,
1989 1230 2011 1271 a
2039 1225 2203 1271 Christo

1167 1294 1300 1322 autem
1322 1296 1421 1323 nato
1438 1279 1761 1334 quinquagesimo
1772 1280 1942 1323 secundo
1954 1311 1965 1321 .

1226 1348 1283 1374 10.
1309 1333 1473 1385 Ipsemet
1501 1335 1645 1375 Paulus
1663 1337 1703 1374 in
1724 1332 1823 1382 suis,
1853 1335 2209 1386 quas'Lucascom-

1168 1401 1387 1437 memorat,
1416 1386 1735 1434 excursionibus,
1764 1400 1882 1438 quam
1912 1387 2094 1435 plurimas
2121 1385 2212 1427 fun-·

1168 1440 1264 1480 dans
1276 1439 1490 1489 Ecclesias,
1516 1454 1650 1481 curam
1659 1453 1838 1490 praeterea
1859 1438 1962 1491 gestit
1974 1439 2207 1490 colligendae

1168 1491 1302 1541 stipis,
1330 1497 1436 1542 cujus
1473 1493 1709 1544 largitione,
1745 1493 1985 1534 adventante
2014 1491 2084 1532 illa
2118 1491 2205 1533 dira

1169 1545 1372 1586 sterilitate
1387 1543 1559 1593 &fame,
1588 1545 1639 1586 ab
1655 1543 1796 1595 Agabo
1809 1544 2007 1594 Propheta
2021 1559 2200 1594 praenun-

1170 1601 1294 1644 tiata,
1320 1596 1503 1639 fratribus
1517 1601 1557 1638 in
1572 1598 1706 1653 Judaea
1724 1596 2021 1639 consistentibus
2033 1595 2208 1639 subveni-

1172 1662 1252 1690 ret.
1281 1650 1424 1692 Paulus
1450 1650 1672 1698 Corinthi,
1701 1663 1788 1700 quae
1813 1649 1976 1691 Achajae
2000 1652 2207 1698 Metropo-

1170 1702 1217 1741 lis
1233 1715 1344 1749 erat,
1373 1717 1484 1742 anno
1502 1703 1542 1742 δι
1560 1700 1824 1744 sexmenfibus
1842 1700 2041 1750 versatur,
2066 1702 2204 1754 ibique

1167 1757 1395 1794 innumeros
1412 1767 1460 1794 ex
1478 1754 1616 1809 Judaeis
1637 1756 1676 1793 &
1691 1754 1872 1804 gentibus
1893 1768 2076 1806 aggregat
2097 1755 2149 1796 ad
2164 1751 2207 1794 fi-

1168 1806 1277 1848 dem.
1305 1808 1412 1847 Hinc
1434 1805 1626 1855 Ephesum
1645 1802 1841 1854 profectus
1860 1809 1986 1847 totius
2014 1804 2116 1848 Afiae
2136 1809 2208 1855 pri-

1166 1861 1543 1900 mariamcivitatem
1557 1884 1573 1908 ,
1602 1872 1649 1898 ac
1666 1862 1884 1907 emporium
1894 1856 2205 1907 famosiffuuum,

1166 1909 1366 1961 copiosam
1379 1915 1597 1953 animarum
1609 1908 1957 1964 segetemtriennio
1967 1914 2009 1952 in
2020 1912 2208 1953 horreum

1167 1966 1335 2007 Domini
1355 1965 1513 2006 intulit-⁰
1543 1967 1601 2006 ait
1624 1968 1753 2013 enim,
1783 1968 1915 2007 accitis
1943 1963 2015 2006 illa
2037 1978 2088 2007 ex
2110 1966 2208 2009 urbe

1167 2019 1354 2059 Miletum
1371 2016 1589 2068 discipulis,
1620 2015 1789 2067 Ephesiis
1807 2017 1900 2059 Act.
1931 2033 1990 2059 20.
2021 2015 2113 2063 vetfi
2146 2030 2207 2068 31.

1166 2069 1338 2126 Vigilate,
1365 2073 1531 2112 memoria
1540 2070 1750 2119 retinenter,
1779 2071 1936 2123 quoniam
1948 2084 2012 2125 per
2023 2070 2208 2112 trienninm

1162 2124 1263 2165 nocie
1283 2122 1323 2165 (θ’
1340 2123 1394 2163 die
1413 2140 1480 2164 non
1495 2122 1621 2178 ceffavi
1640 2139 1715 2163 cum
1745 2124 1901 2179 lacrymir
1928 2139 2066 2165 monens
2090 2138 2219 2164 unum*

1163 2190 1327 2229 quemque
1355 2176 1525 2226 vestrum.
1555 2177 1734 2218 Coactus
1754 2191 1848 2228 ergo
1870 2178 2025 2218 demum
2048 2175 2203 2227 Epheso

1162 2227 1452 2278 abscedere,per
1461 2243 1612 2271 motam
1622 2229 1671 2270 ab
1681 2234 1915 2281 argentariis
1927 2232 2068 2271 Dianae
2078 2230 2206 2271 culto-

1163 2282 1266 2323 ribus
1277 2280 1560 2323 tumultuosam
1569 2279 1800 2323 seditionem
1812 2308 1828 2330 ,
1857 2283 2138 2334 Macedoniam
2151 2297 2207 2323 re-

1163 2337 1310 2383 petit&
1321 2337 1514 2376 Graeciam
1533 2348 1656 2385 atque
1675 2335 1891 2381 Achaiam,
1919 2339 2066 2385 quasin
2079 2339 2204 2383 prima.

1162 2386 1308 2428 dudum
1331 2385 1579 2436 profectione
1600 2385 1666 2425 sua
1683 2387 1871 2436 religione
1887 2385 2115 2429 Christiana
2136 2389 2208 2427 im-

1161 2438 1319 2479 buerat.
1349 2438 1439 2479 Post
1458 2438 1538 2478 haec
1556 2438 1702 2483 Mileto
1729 2437 1881 2479 solvens
1904 2443 1944 2478 in
1972 2441 2127 2488 Syriam
2139 2446 2216 2480 na-'

1161 2494 1292 2542 vigat,
1320 2504 1442 2542 atque
1455 2491 1546 2531 inde
1556 2488 1842 2544 Jerosolymam
1856 2489 2200 2546 proficisciturele-

1158 2541 1630 2594 emosynaserogaturus,
1659 2556 1759 2594 quas
1785 2546 1957 2585 totosuo
1979 2543 2207 2594 itinerepas-

1159 2595 1226 2638 sim
1248 2608 1526 2646 corrogaverat
1543 2624 1554 2634 .
1983 2621 1986 2625 ⁴
2079 2635 2082 2638 .

1217 2663 1234 2692 1
1243 2662 1276 2690 1.
1311 2647 1582 2690 Amantiffime
1594 2648 1738 2690 Paulus
1748 2647 2004 2704 Jerosolymis
2017 2660 2204 2698 exceptus

1159 2699 1183 2742 ὲ
1215 2701 1371 2757 Jacobo
1390 2699 1486 2747 fuit,
1517 2703 1585 2752 qui
1614 2699 1734 2742 frater
1761 2703 1929 2744 Domini
1964 2701 2167 2743 dicebatur
2185 2728 2204 2750 ,

1159 2752 1341 2806 solusque
1359 2752 1645 2802 Apostolorum
1661 2757 1702 2794 in
1715 2769 1761 2796 ea
1776 2754 1893 2803 urbe,
1922 2757 2028 2802 cujus
2037 2754 2202 2805 gerebat

1159 2805 1459 2856 Episcopatum,
1487 2806 1737 2848 constiterat.
1764 2807 1823 2848 Ibi
1846 2807 1990 2848 Paulus
2014 2806 2036 2849 a
2063 2808 2200 2847 Senio-

1159 2859 1264 2901 ribus
1285 2860 1522 2901 admonetur
1542 2858 1985 2914 impendentisaJudaeis
2003 2859 2166 2906 periculi
2183 2885 2201 2907 ,

1190 2913 1304 2954 uibus
1322 2925 1407 2953 erat
1423 2927 1472 2953 eo
1495 2917 1657 2953 nomine
1674 2910 1839 2960 invisus,
1869 2911 1979 2963 quod
1995 2911 2091 2963 legis
2110 2914 2202 2953 Μο-

1158 2925 1267 3006 ἓιίεκ
1295 2965 1518 3015 praedicaret
1550 2964 1838 3011 abolitionem,
1869 2977 1990 3015 quam
2017 2976 2061 3005 ut
2089 2964 2137 3005 de
2163 2963 2202 3006 se

1159 3018 1487 3060 existimationem
1505 3015 1722 3067 dissiparet,
1749 3014 1951 3057 confilium
1970 3015 2131 3058 illorum
2146 3014 2200 3060 se-

1160 3075 1321 3122 quitur.
1336 3083 1379 3111 ut
1390 3085 1479 3111 cum
1488 3069 1574 3111 aliis
1585 3069 1910 3122 quinqueJudaeis
1920 3070 2199 3111 Nazareorum

1159 3137 1259 3164 voto
1289 3123 1503 3171 dev-inistis,
1532 3121 1568 3163 se
1585 3123 1714 3173 palam
1741 3125 1782 3162 in
1805 3120 1958 3171 templo
1986 3119 2198 3164 secundum

1158 3174 1342 3218 Mosaicae
1352 3175 1444 3226 legis
1453 3173 1671 3226 praescripta
1681 3170 1941 3216 sanctificaret
1952 3203 1962 3213 .
1991 3175 2198 3223 Perperam

1158 3229 1279 3278 aliqui
1308 3227 1434 3269 hacin
1453 3243 1493 3269 re
1514 3240 1696 3278 quartum
1717 3230 1756 3266 δε
1776 3227 2011 3274 postremum
2029 3225 2198 3276 Aposto-

1158 3282 1289 3321 lorum
1318 3281 1552 3322 Concilium
1579 3279 1853 3329 praetendunt,
1883 3293 1966 3331 quo
1995 3278 2113 3321 suerit
2133 3280 2199 3320 de-

1157 3333 1344 3381 finitum,
1371 3334 1489 3375 licere
1513 3329 1711 3382 conversis
1736 3332 1788 3373 ad
1808 3332 1957 3377 Christi
1985 3330 2102 3373 fidem
2130 3333 2196 3387 Ju-

1157 3387 1267 3433 daeis,
1295 3383 1924 3436 perdispensationeminaliquod
1934 3398 2114 3436 tempus,
2141 3385 2196 3427 le-

1156 3436 1549 3491 galesadhucservare
1563 3440 1814 3479 caeremonias
1823 3453 1836 3483 5
1861 3452 1951 3479 cum
1961 3452 2117 3485 tamen,
2146 3450 2191 3478 ut
2227 3447 2230 3450 ·

1158 3489 1299 3533 rectius
1318 3490 1398 3532 hoc
1415 3493 1457 3533 in
1476 3491 1570 3531 loco
1583 3490 1700 3539 docet
1716 3493 1931 3538 Batonius,
1960 3489 2113 3532 nullum
2125 3489 2192 3531 hic

1149 3546 1437 3591 intervenerit,
1466 3541 1657 3594 synodale
1684 3542 1912 3591 decretum,
1938 3540 2005 3584 sed
2036 3546 2191 3590 privata

1156 3597 1363 3638 dumtaxat
1375 3596 1626 3647 admonitio,
1640 3598 1705 3637 cui
1726 3595 1936 3647 postquam
1953 3608 2103 3637 morem
2110 3592 2190 3645 ges-

1155 3647 1202 3691 fit
1220 3650 1363 3691 Paulus
1376 3674 1391 3697 ,
1420 3650 1646 3690 concitatur
1665 3651 1707 3689 in
1717 3662 1807 3740 eXm
1817 3649 2040 3702 Judaeorum
2049 3646 2192 3688 tumul-

1170 3714 1174 3719 ’
1823 3715 1844 3741 2
2056 3712 2138 3747 tus,
