2430 3958
284 192 708 285 Concilium
733 202 1241 301 Tridentinum
1266 203 1810 288 oecumenicum
1828 265 1844 284 .

19 327 31 362 ,⁴
76 323 105 352 'a
121 312 162 352 ad
179 318 344 359 nostram,
366 321 401 352 8e
420 329 448 352 c.
469 317 740 361 reprehensibilis,
761 321 791 361 ς.
808 319 864 355 fin.
886 320 926 353 de
943 329 963 352 a
1026 317 1098 365 llat-

8 363 41 402 '1⁸
78 359 193 403 bisone
210 359 394 394 Gallicana
416 361 483 399 jura
506 359 738 400 consentiunt;
757 360 957 395 edixitenim
992 368 1098 407 ranci-

35 424 38 427 ψ
76 400 148 435 scus
164 403 190 436 1.
217 401 290 436 Rex
315 411 405 437 anno
433 411 447 434 1
473 411 522 443 39.
542 411 602 436 art.
621 410 649 443 ς.
675 403 898 445 appellatione
914 400 934 435 ὲ
953 402 1098 441 iudicum

77 441 244 490 sententiis
262 453 317 490 per
338 409 578 490 Ecclesiasticas
617 443 747 481 ersonas
773 444 810 491 in
827 442 963 479 materia
988 452 1098 479 corre·-

77 478 218 527 etiams,
236 485 442 530 disciplinae,
465 487 499 523 &
517 486 591 520 aliis
631 484 1098 524 cclefiasticiscaufis,nu11um

75 525 213 568 pr'oduci
223 523 440 568 suspensivum
451 549 462 565 ,
470 524 526 566 sed
535 527 666 561 tantum
677 527 909 573 devolutizum
925 525 1097 573 ςίῖὲᾶιιςιιῇ

31 576 34 579 ·
75 565 160 600 adeo
181 575 216 600 ut
235 566 284 600 his
302 578 373 601 non
392 566 594 601 obstantibus
610 591 622 607 ,
645 571 679 602 Bc
701 575 779 602 citra
797 568 963 602 sententlae
1002 576 1099 608 mu·-

72 607 201 654 dicium
218 609 315 655 poffit
325 608 666 648 Ecclesiasticusjudex
675 610 769 643 suum
787 609 922 643 ulterius
939 610 971 650 iu
997 606 1098 642 icium

76 650 229 696 prosequi
245 673 267 697 .·
280 650 323 698 Et
342 650 377 684 in
394 650 555 698 Comitiis
571 650 770 685 Blesensibus
786 650 950 698 IjIenticus
966 649 1099 697 isthoc

21 692 27 700 ⁸
99 700 196 725 ariter
214 692 314 726 edicit
332 716 341 725 .
369 693 531 731 Similiter
552 693 618 732 iure
639 702 809 728 communi
831 692 1011 734 appellatio
1027 699 1099 726 non

75 701 240 779 suspendit
262 734 660 776 excommunicationem,
682 732 918 783 suspensionem
936 755 947 771 ,
969 741 1026 766 aut
1047 730 1100 766 in-

24 779 28 811 ’,
77 774 254 820 τετᾲιᾶυτῃ
276 776 352 809 latae
375 774 541 810 sententiae
559 798 580 818 ‚r
600 774 653 808 sed
684 773 792 808 solum
814 773 963 820 devolvit
984 775 1024 806 ad
1047 771 1099 806 su-

75 824 183 855 perius
203 814 349 851 tribunal
367 839 379 856 ,
400 828 427 850 c.
445 815 520 851 cum
536 818 578 851 ad
595 817 685 855 haee,
707 816 746 848 de
764 816 945 856 appellatio
963 838 971 847 .
993 814 1100 848 Com-

21 890 23 893 ,
75 855 186 889 munis
212 855 371 891 sententia
393 859 438 891 est
453 882 464 898 ‚
496 856 786 893 incarcerationem
814 855 1008 890 censendam
1037 855 1097 889 esse

12 922 18 932 ,ψ
75 895 164 930 inter
184 897 244 931 illa
262 920 274 938 ,
295 910 370 940 quae
393 901 552 934 damnum
575 896 782 940 irreparabile
803 897 948 931 inserunt
965 920 976 937 ,
1006 896 1099 944 ideo-

100 949 140 971 ue
159 937 320 974 subsistere
337 951 375 974 ac
392 942 500 975 valere
518 938 780 982 appellationem
790 939 830 972 ab
847 939 1099 973 interlocutoria

73 948 237 1028 {atentia
255 1004 267 1020 ,
288 992 356 1028 qua
374 983 557 1019 decernitur
574 990 705 1056 captura
724 981 779 1028 seu
795 980 1018 1027 ¹incarceratis]
1029 1003 1042 1020 ,
1062 985 1098 1016 δε

74 1014 294 1060 Ordinarium
311 1024 416 1060 teneri
433 1024 507 1058 huic
516 1025 609 1066 appel
627 1032 732 1056 ationi
745 1021 865 1059 deterre
876 1045 886 1060 ‚
906 1031 1005 1064 atque
1023 1033 1100 1064 pro-

13 1086 16 1090 .
75 1063 194 1102 cessum
215 1065 256 1098 ad
280 1064 419 1104 iudicem
442 1063 678 1112 appellationis
698 1062 917 1110 transmittere
934 1086 945 1102 ‚
966 1063 1032 1111 sine
1049 1073 1098 1100 ta-

75 1115 155 1147 men
175 1106 247 1142 ulla
259 1105 431 1150 ‘sententiae
449 1107 512 1143 suae
533 1105 756 1149 suspensione,
777 1115 855 1149 quia
877 1116 945 1141 reus
964 1106 1098 1141 interim

73 1156 204 1223 επακ
224 1149 473 1193 concludendus
490 1147 536 1182 est
552 1172 564 1188 ‚
587 1149 692 1183 donec
714 1146 858 1193 superior
868 1146 892 1193 J
895 1148 999 1193 udex,
1020 1158 1098 1183 cau-

87 1229 91 1232 ·
127 1188 282 1232 cognita,
303 1189 396 1224 aliud
409 1187 544 1230 jusserit.
565 1187 709 1230 Alioqui
719 1198 811 1224 enim
819 1198 968 1234 gravium
986 1188 1099 1223 crimi-

72 1239 156 1265 num
187 1230 233 1264 rei
251 1229 392 1266 libertati
416 1228 534 1264 redditi
554 1240 610 1271 per
633 1228 746 1272 fugam
762 1227 860 1265 facile
885 1232 1057 1267 evaderent
1088 1256 1097 1263 .

73 1268 234 1312 Idemque
261 1271 439 1317 ‘udiqatum
455 1268 555 1304 fuit'a
582 1269 669 1304 sacra
686 1269 920 1317 Cardinalium
947 1271 1098 1315 Congre-

72 1311 229 1353 gatione‚
277 1311 415 1354 ontifice
430 1322 472 1352 ap
495 1311 631 1355 robante
650 1334 661 1351 ‚
683 1321 720 1347 ut
742 1312 880 1346 retertur
897 1312 932 1346 in
951 1315 1097 1348 declara-

73 1350 217 1385 tionibus
238 1353 273 1385 &
298 1322 533 1399 remissionibus
551 1355 591 1386 ad
611 1363 639 1386 c.
665 1363 718 1389 ιο.
735 1353 942 1391 Tridentinae
961 1354 1025 1393 sess:
1046 1367 1096 1398 24.

70 1392 114 1426 de
132 1391 264 1439 reform.
281 1394 395 1435 Atque
411 1395 499 1427 idem
517 1396 637 1429 docent
653 1394 794 1432 Barbosa
814 1397 856 1431 ad
875 1397 897 1432 l.
916 1395 1096 1432 2.ff.solut.

12 1436 18 1451 '·
71 1443 215 1480 matrim.
235 1444 271 1468 in
311 1434 390 1469 rinc.
407 1434 605 1470 Mainardus
625 1435 822 1474 Gallicanus
837 1436 1098 1481 jurisconsultus

69 1474 132 1509 lib.
151 1486 180 1512 2·
200 1446 435 1524 Decigonum,
457 1488 529 1519 cap.
547 1487 600 1520 23.
618 1481 652 1512 δε
671 1477 748 1513 alii.

87 1556 108 1564 ..
114 1519 164 1558 36.
186 1515 241 1550 De
258 1517 457 1564 Yisitatione
474 1529 608 1561 quoque
626 1519 848 1563 Congregatio
867 1520 953 1556 sacra
972 1521 1098 1556 Conci-

69 1557 110 1604 ¹¹!
128 1567 159 1598 7.
178 1558 294 1604 Martii
315 1562 407 1601 1596.
425 1560 624 1606 declaravit,
645 1572 715 1595 non
734 1563 820 1604 posse
842 1562 1039 1606 Episcopum
1062 1562 1097 1596 in

69 1599 260 1647 visitatione
286 1601 427 1635 recusari
445 1611 482 1636 ut
499 1601 680 1644 suipeetum
696 1627 708 1643 ‚
741 1605 821 1637 dum
836 1611 951 1639 tamen
972 1603 1097 1646 proces-

16 1646 18 1649 ’
69 1639 146 1674 sum
165 1651 200 1674 in
218 1653 255 1689 ea
273 1653 343 1676 non
364 1643 513 1679 involvat
531 1667 542 1683 ‚
566 1642 661 1685 seque
682 1643 766 1679 intra
793 1645 985 1680 visitationis
1009 1646 1096 1680 limi-

70 1690 120 1715 tes
137 1691 307 1731 contineat
326 1708 334 1715 .
357 1684 549 1727 Eademque
577 1685 802 1729 Congregatio
832 1687 916 1728 Maii
937 1696 986 1730 25.
1018 1699 1096 1722 ann.

73 1726 166 1759 1601.
191 1726 317 1773 censuit
347 1725 548 1768 Episcopum
572 1726 792 1762 visitationem
819 1729 1061 1771 aggredientem
1083 1752 1096 1768 ‚

41 1788 48 1793 -
71 1774 109 1811 ut
133 1776 287 1800 ucetiam
305 1778 339 1800 in
349 1767 577 1810 praeparatoria
590 1768 801 1811 inquisitione
822 1782 891 1805 non
903 1772 988 1813 posse
1008 1771 1096 1814 quasi

71 1777 258 1854 iuspefitum
282 1808 418 1859 recusari
437 1834 448 1850 ,
469 1822 529 1844 nec
550 1810 955 1859 probatione,sulpicionis
977 1824 1096 1857 praepe-

71 1848 136 1883 dm
147 1869 160 1895 .’
181 1860 249 1891 quo
260 1861 369 1883 minus
378 1862 475 1894 poena
493 1854 748 1899 extraordinaria
759 1876 770 1892 ‚
792 1865 865 1896 quae
876 1865 1007 1891 morum
1024 1866 1097 1889 cor-

72 1889 257 1925 refiionem
279 1895 312 1925 &
330 1894 598 1929 emendationem
618 1893 764 1936 respiciat
784 1918 794 1934 ‚
816 1894 961 1930 visitatos
982 1896 1097 1938 punire

73 1939 175 1978 queat
182 1943 196 1970 ‚-
217 1942 254 1979 ut
272 1933 431 1980 legiturin
450 1934 665 1970 Colleffione
674 1935 936 1972 declarationum
951 1940 994 1975 ad
1011 1938 1096 1973 hanc

65 1971 308 2010 ,Tridentinam
331 1977 394 2010 less.
414 1986 461 2018 13.
482 1988 550 2018 cap.
569 1988 597 2011 1.

114 2026 184 2064 '37.
209 2018 388 2055 Sessionis
399 2019 567 2063 ejusdem
585 2019 702 2057 XIII.
719 2020 815 2067 Cap.
837 2022 904 2059 VI.
923 2021 1015 2059 Cum
1033 2037 1095 2060 non

69 2065 158 2102 raro
166 2069 347 2113 contingat
357 2067 521 2115 subditos
543 2068 588 2104 ab
606 2067 778 2165 Episcjpo
792 2081 855 2117 pro
869 2069 974 2118 ipsius
990 2072 1095 2116 officio

68 2125 245 2163 correptos
259 2115 313 2153 illi
328 2130 372 2154 ex
387 2116 637 2154 malevolentia
651 2131 717 2159 cau
738 2133 797 2155 am
811 2122 968 2157 criminis
984 2123 1094 2158 inten-

71 2173 155 2202 tare
172 2190 186 2210 ,
212 2167 311 2213 cujus
333 2165 490 2211 'molestiae
513 2171 607 2204 metu
626 2165 800 2214 segniores
827 2169 1031 2208 reddantur
1058 2173 1094 2210 in

70 2213 178 2258 officio
193 2214 365 2263 Episcopi
381 2242 393 2260 ,
419 2226 481 2252 aut
497 2215 544 2251 ah
555 2215 724 2260 Ecclesiis
737 2215 813 2262 suis
835 2219 948 2264 abeffe
971 2219 1011 2264 &
1027 2233 1093 2256 va-

64 2266 152 2311 gari
169 2273 234 2311 pro
255 2261 310 2311 sui
333 2263 531 2311 defensione
560 2291 571 2309 ,
598 2278 675 2301 cum
703 2279 825 2311 magno
853 2266 1093 2311 Ecclefiarum

74 2312 308 2359 detrimento,
337 2315 377 2356 ὑ·
408 2312 630 2362 Episcopalis
649 2313 842 2362 dignitatis
869 2315 1094 2356 diminutione

71 2372 268 2410 cogantur,
291 2361 461 2408 statuitur
479 2390 492 2409 ,
519 2362 731 2412 Episcopum
747 2390 759 2410 ,
787 2363 849 2409 nifi
873 2378 917 2402 ex
941 2365 1051 2411 causa
1079 2393 1093 2414 ,

71 2412 111 2450 ob
124 2425 230 2461 quam
242 2412 419 2459 dignitate
432 2417 576 2462 propria
591 2413 817 2462 deponendus
826 2412 924 2462 foret
940 2441 953 2461 ,
969 2419 1094 2453 etiam·

66 2459 99 2507 fi
119 2473 240 2499 contra
254 2460 366 2510 ipsum
375 2476 419 2500 ex
433 2463 537 2508 officio
549 2490 562 2510 ‚
588 2474 651 2500 aut
664 2475 728 2512 per
742 2463 990 2512 inquisitionem
1006 2492 1018 2511 ,
1027 2465 1092 2512 seu

70 2510 372 2549 denunciationem
389 2538 401 2557 ,
428 2523 491 2549 aut
516 2512 768 2559 accusationem
784 2540 796 2558 ,
816 2512 894 2558 five
918 2514 989 2552 alio
1011 2530 1094 2565 quo-

69 2563 132 2599 vis
141 2561 240 2598 modo
246 2561 461 2610 procedatur
476 2588 489 2607 ,
513 2576 734 2612 nequaquam
751 2563 816 2609 effe
829 2564 1011 2601 citandum
1029 2576 1092 2603 aut

73 2610 280 2647 monendum
296 2636 308 2655 ,
335 2622 373 2648 ut
388 2611 617 2659 personaliter
633 2623 852 2660 compareat.

113 2658 255 2693 Provida
275 2661 310 2695 δε
326 2659 484 2698 notabilis
500 2661 546 2694 est
563 2659 621 2694 ista
639 2660 831 2698 constitutio
841 2684 854 2702 ‚
873 2673 939 2704 qua
957 2665 991 2697 δε
1012 2662 1094 2704 Epi-

46 2705 53 2723 2
68 2699 244 2742 scoporum
265 2700 297 2734 di
345 2702 417 2735 itati
435 2705 469 2736 &
488 2702 707 2738 Ecclesiarum
725 2702 863 2739 utilitati
881 2703 1062 2738 consulitur
1083 2729 1093 2738 .

66 2740 198 2790 Summi
219 2707 391 2792 Poestigcps
406 2742 555 2778 Liberius
574 2747 609 2778 δε
638 2744 806 2792 Nicolaus
825 2744 910 2778 olim
929 2745 1093 2793 rescripse-

67 2793 165 2830 runt,
189 2794 421 2830 inconveniens
439 2785 499 2820 effe
516 2809 528 2826 ,
549 2785 570 2819 fi
592 2785 771 2828 Episcopus
788 2798 826 2820 ex
844 2786 937 2821 causa
960 2787 1094 2822 infesta-

52 2833 201 2861 'tionum
220 2834 277 2858 aut
297 2826 542 2872 adversitatum,
563 2839 644 2870 quas
662 2827 702 2862 ab
718 2827 794 2861 aliis
802 2829 942 2870 patitur,
964 2840 1092 2871 gregem

67 2867 287 2942 gmpellsstur
304 2867 361 2914 sibi
378 2868 584 2905 commissum
602 2869 785 2921 relinquere
804 2893 824 2916 ‚,
836 2881 861 2903 c.
871 2869 933 2944 ‘sug
955 2871 1058 2918 esium
1079 2895 1091 2912 ,

68 2947 91 2987 a
107 2910 942 3000 „fizpssla‘fiizlz’fisli{25213‘3322’1353}siai?s.
951 2913 1090 2997 Ksscgffiii'.

69 2988 208 3025 scribens
225 2994 268 3026 ad
288 2992 504 3028 Honoratum
522 2993 721 3036 Episcopum
738 2994 827 3036 epist.
848 2993 916 3029 180.

126 3049 184 3097 38.
214 3053 393 3092 Seffionis
409 3054 625 3102 XIV'.Cap.
643 3053 1089 3092 1V.defim·t:C0ntriei0·

70 3112 148 3136 nem
174 3100 238 3147 effe
253 3105 362 3158 animi
376 3104 528 3141 dolorem
549 3118 591 3141 ac
606 3099 870 3149 detestationem
886 3103 931 3140 de
946 3115 1088 3152 peccato

70 3150 239 3196 commiffo
255 3177 268 3196 ,
291 3151 370 3190 etim
395 3153 562 3203 proposito
591 3168 655 3191 non
674 3154 849 3202 peccandi
872 3152 919 3190 de
941 3163 1087 3192 caetero.

69 3199 188 3236 Docet
199 3210 372 3248 pra-terea
388 3230 400 3249 ,
413 3207 646 3242 contritionem
659 3202 707 3248 ,fi
718 3203 880 3251 perfeHa
887 3201 919 3247 fi
922 3214 935 3239 t
953 3229 965 3250 ‚
980 3203 1086 3240 bomi-

45 3261 144 3285 ·nem
169 3249 250 3287 Deo
271 3260 338 3298 per
354 3252 567 3292 charitatem
586 3254 811 3291 reconciliare
827 3280 838 3300 ‚
865 3254 976 3296 etiam
1001 3264 1084 3291 ante

43 3302 51 3322 ¹
65 3301 276 3348 poent'tentiae
291 3299 321 3337 S
323 3299 560 3342 aeramentum
569 3302 766 3352 susceptum
789 3314 798 3348 ;
827 3317 863 3339 eo
877 3302 974 3352 qnod
990 3306 1026 3339 in
1040 3316 1085 3340 ea

67 3350 286 3386 contineatur
300 3364 378 3388 cum
392 3352 507 3390 dolore
522 3356 562 3398 ὼ·
578 3366 693 3390 amore
715 3352 828 3402 infuso
844 3363 960 3389 votum
977 3352 1083 3402 ipsius

65 3395 295 3438 sacramenti
309 3427 318 3436 .
357 3403 411 3438 At
435 3403 520 3441 vera
542 3406 780 3441 contritionem
802 3402 1049 3448 imperfebiam
1070 3428 1083 3449 ,

64 3459 139 3498 quae
166 3452 306 3487 attritio
331 3450 466 3489 dicitur
492 3479 506 3500 ,
534 3466 608 3502 quae
639 3465 682 3490 ex
708 3453 942 3501 turpitudinis
957 3464 1083 3500 pecca-

63 3499 94 3534 t'i
115 3497 385 3542 consideratione
402 3528 413 3546 ,
441 3503 497 3538 vel
519 3516 563 3540 ex
579 3503 741 3550 gehenna
759 3513 849 3538 metu
867 3504 1054 3550 concipitur
1069 3531 1082 3550 ‚

46 3567 54 3577 »ι
65 3547 132 3592 effe
150 3546 277 3585 donum
299 3551 375 3588 Dei
399 3552 439 3594 ὅ
463 3552 645 3601 impulsum
671 3552 831 3601 Spiritus
849 3551 992 3600 samma
1018 3568 1082 3591 '¹⁰7¹

25 3620 28 3632 .
65 3596 184 3653 adhuc
197 3599 343 3647 quidem
363 3601 603 3640 inhabitantis
616 3627 629 3648 ‚
648 3600 719 3649 sed
733 3599 871 3640 tannim
887 3605 1084 3652 moventis,

1141 334 1204 368 quo
1221 320 1395 369 poetiitens
1418 320 1567 366 adjutus
1585 345 1596 364 ,
1622 322 1721 356 viam
1737 319 1792 357 ad
1808 315 1984 366 justitiam
2005 319 2069 363 fibi
2080 331 2148 368 pa·

1138 381 1198 407 rat
1212 398 1220 406 .
1250 371 1303 408 Et
1316 372 1491 420 quamvis
1508 368 1582 412 fine
1604 371 1816 416 penitentia
1840 366 2076 406 Sacramenta
2085 379 2151 418 per

1133 418 1174 466 se
1198 419 1436 468 nonjussificet
1458 430 1672 466 peccatorem
1689 427 1705 463 3·
1725 428 1886 455 attamen
1909 431 1984 455 eum
2000 419 2052 455 ad
2079 419 2153 456 Det

1132 472 1293 517 gratiam
1318 473 1355 508 in
1378 469 1612 507 Sacramenta
1644 469 1865 505 Poenitentiae
1887 466 2154 517 'impetrandam

1138 519 1339 568 disponere.
1368 519 1446 561 Hoc
1464 520 1555 555 enim
1581 520 1702 555 timore
1731 517 1867 556 utiliter
1888 517 2054 564 concuffos
2077 516 2123 556 N
2125 519 2156 553 i-

1139 572 1278 606 nivitas
1308 569 1364 607 ad
1393 568 1496 617 Jonae
1523 567 1810 615 praedicationem
1835 591 1849 611 ,
1875 566 2156 612 misericordiam

1138 621 1165 656 ἁ
1190 620 1340 657 Domino
1362 613 1561 667 impetraffe
1575 645 1583 652 .
1958 663 1965 670 .

1178 668 1236 702 Tu
1254 668 1307 703 hic
1323 666 1458 702 observa
1475 689 1487 705 ‚
1507 663 1745 700 contritionem
1757 688 1774 713 ι,
1794 675 1866 707 quae
1892 664 2045 712 iustificat¹
2060 687 2071 703 ‚
2093 665 2178 711 essess

1137 710 1269 752 quidem
1287 707 1615 753 anterioremiustitia
1631 709 1666 741 &
1683 716 1807 750 gratia,
1829 707 1872 740 ad
1881 716 1983 748 quam
1993 708 2156 748 disponit,

1138 752 1261 786 necesse
1287 752 1332 784 est
1348 750 1437 784 enim
1463 748 1709 789 dispositionem
1727 752 1761 783 δε
1787 747 1918 782 causam
1944 750 2121 790 praecedere
2143 770 2154 786 ,

1140 793 1256 827 deinde
1273 793 1416 827 formam
1442 794 1475 824 δε
1492 789 1647 824 effectum
1663 789 1751 832 sequi
1770 815 1777 823 .
1798 788 1968 836 Caeteri'im
1986 789 2064 836 haec·
2079 799 2158 821 om-

1139 835 1194 869 nia
1222 834 1320 868 unico
1347 831 1504 874 temporis
1521 830 1653 864 instanti
1679 831 1884 873 perficiuntur
1904 843 1913 871 5
1936 830 2012 876 licet
2034 829 2156 864 diversa

1138 876 1260 910 ibidem
1278 874 1506 917 concipiantur
1522 875 1556 907 &
1583 872 1795 906 intercurrant
1811 873 1938 908 ordinis
1953 872 2010 919 seu
2032 881 2157 918 naturae

1138 930 1176 952 ac
1197 918 1334 952 rationis
1350 915 1522 952 instantia.
1543 913 1671 961 Verum
1688 916 1806 960 eodem
1821 923 1977 961 temporis
1994 913 2128 948 instanti
2141 934 2155 952 ,

1136 972 1205 1003 quo
1223 960 1328 994 existit
1344 957 1525 996 contritio,
1546 964 1666 999 pariter
1684 965 1789 999 gratia
1805 956 1971 990 coexistit.

1190 1022 1247 1059 39.
1277 1012 1419 1048 Eadem
1450 1008 1610 1047 sessione
1635 1007 1856 1054 XIV-Cap.
1883 1009 1931 1047 V.
1963 1009 2157 1056 Oportet&

1134 1061 1382 1110 paenitentibus
1396 1061 1512 1097 omnia
1522 1068 1674 1106 peccata
1697 1057 1864 1093 mortalia
1880 1083 1892 1102 ‚
1919 1071 2061 1107 quorum
2084 1057 2155 1106 pos}

1137 1110 1339 1157 diligentem
1348 1108 1406 1156 sui
1430 1107 1661 1155 discuffionem
1683 1104 1929 1153 conscientiam
1944 1107 2077 1145 habent
2095 1112 2154 1153 ,in

1136 1158 1330 1205 confessione
1346 1157 1546 1205 recenseri,
1572 1156 1707 1202 etiamsi
1731 1155 1951 1203 occultiffima
1975 1157 2042 1194 illa
2059 1157 2129 1202 sint
2144 1185 2153 1194 .

1137 1212 1152 1256 (
1170 1211 1220 1248 Et
1248 1207 1474 1258 quibusdam
1496 1209 1718 1252 interjessis:
1743 1208 1760 1252 )
1779 1205 1969 1254 Colligitur
1980 1218 2156 1255 praeterea

1136 1263 1245 1298 ctiam
1259 1272 1324 1298 cas
1343 1255 1623 1301 circumstantias
1638 1259 1674 1293 in
1697 1255 1893 1302 confeffione
1912 1257 2156 1305 explicandas

1136 1311 1200 1357 effe
1217 1337 1230 1357 ,
1255 1321 1329 1359 quae
1344 1307 1374 1356 s
1392 1310 1497 1344 eciem
1518 1308 1655 1354 peccati
1679 1316 1838 1352 mutant,
1868 1307 1964 1354 quod
1982 1305 2055 1352 fine
2080 1307 2170 1344 illis-

1132 1370 1286 1410 peccata
1310 1360 1345 1407 ip
1364 1371 1388 1393 a
1403 1369 1509 1405 neque
1535 1369 1561 1392 a
1574 1354 1819 1404 poenitentibus
1834 1356 1964 1403 integre
1979 1368 2160 1405 exponan-

1137 1422 1194 1448 tur
1211 1436 1222 1455 ,
1249 1422 1308 1446 nec
1324 1406 1506 1453 judicibus
1530 1402 1743 1450 innotescant
1759 1430 1766 1438 .

1178 1457 1283 1492 Porro
1300 1453 1569 1492 circumstantiae,
1589 1463 1663 1494 quae
1681 1450 1949 1499 speciemnpeccati
1960 1462 2089 1487 mutant
2101 1477 2112 1493 ,
2124 1453 2160 1487 in

1136 1500 1259 1542 triplici
1275 1496 1456 1532 differentia
1474 1495 1566 1529 sunt.
1586 1495 1754 1537 Quaedam
1770 1505 1861 1541 enim
1879 1498 2060 1538 adjungunt
2071 1506 2160 1529 mor-

1136 1544 1240 1576 talem
1252 1539 1384 1574 alterius
1396 1536 1509 1579 speciei
1523 1536 1686 1583 malitiam
1696 1559 1707 1574 ‚
1717 1545 1752 1568 ut
1761 1536 1876 1582 Siquis
1884 1537 2093 1572 Sacerdotem
2102 1548 2161 1584 oc-

1136 1584 1217 1618 cidit
1226 1607 1237 1623 ,
1259 1593 1329 1615 non
1340 1579 1456 1614 sufficit
1466 1581 1506 1613 de
1517 1579 1701 1625 homicidio
1711 1578 1894 1623 accusatio:
1909 1579 2059 1626 ‘qualitas
2069 1589 2159 1612 enim

1135 1623 1318 1660 Sacerdotis
1345 1620 1491 1662 adiungit
1519 1621 1593 1654 huic
1611 1628 1743 1660 peccato
1771 1619 1977 1665 sacrilegium
2005 1621 2126 1655 lethale
2148 1644 2157 1652 .

1137 1669 1232 1702 Idem
1250 1665 1424 1699 dicendum
1442 1663 1476 1696 in
1494 1660 1679 1696 homicidio
1697 1671 1868 1695 communi
1887 1661 1986 1701 laici,
2010 1661 2060 1695 sed
2073 1661 2160 1694 intra

1136 1708 1315 1743 Ecclesiam
1333 1713 1516 1748 perpetrato
1534 1727 1545 1743 ,
1568 1714 1606 1737 ea
1626 1701 1747 1749 quippe
1769 1702 1836 1736 loci
1853 1701 2092 1750 circumstantia
2111 1701 2162 1736 sa.

1137 1749 1308 1793 crilegiurn
1325 1747 1443 1791 pariter
1461 1744 1587 1780 inducit
1604 1769 1613 1779 .
1635 1746 1723 1782 A-Iiae
1740 1745 1891 1791 quaedam
1909 1744 2157 1791 circumstanti&

1139 1792 1172 1826 id
1191 1792 1361 1835 pastam,
1383 1798 1419 1824 ut
1438 1797 1606 1831 peccatum
1627 1811 1637 1827 ,
1657 1787 1896 1833 quod-veniale
1924 1787 2080 1833 duntaxat
2110 1785 2159 1820 es..

1136 1835 1202 1874 set,
1225 1834 1280 1868 fiat
1300 1833 1463 1870 mortale,
1486 1839 1520 1864 ut
1539 1829 1560 1863 si
1578 1829 1651 1871 quis
1668 1830 1801 1876 alterius
1819 1828 1915 1868 famae
1925 1829 2041 1862 leviter
2051 1830 2158 1875 detra-

1136 1877 1192 1910 hat
1202 1876 1262 1910 hac
1280 1873 1483 1912 intentione,
1504 1881 1540 1905 ut
1557 1871 1719 1918 audientis
1729 1872 1847 1905 odium
1857 1874 2031 1912 &gravem
2049 1871 2160 1916 vind-i-

1136 1918 1225 1951 &am
1242 1916 1385 1951 concitet
1398 1912 1552 1948 adversus
1571 1914 1689 1952 illum,
1711 1913 1751 1946 de
1759 1909 1942 1954 quosermo
1951 1913 2015 1945 est.
2036 1911 2160 1958 Tertio

1137 1958 1272 1994 demum
1282 1970 1320 1991 ex
1337 1956 1487 1999 opposito
1498 1953 1747 2000 circumstantiae
1758 1962 1925 2000 peccatum
1936 1953 1981 1987 ita
1992 1953 2159 2001 mitigant2

1135 2011 1172 2034 ut
1188 1999 1440 2042 quod‘mortale
1457 1996 1562 2035 foret,
1585 2007 1654 2030 non
1673 1994 1732 2028 nisi
1750 1996 1880 2029 veniale
1898 1994 1953 2034 sit,
1975 1994 2159 2041 cujusmodi

1135 2042 1181 2075 est
1207 2039 1371 2082 subreptio
1399 2037 1526 2072 defeRu
1544 2036 1733 2071 sufficientis
1762 2036 2007 2070 deliberationis
2059 2037 2153 2069 inad-

1135 2083 1295 2116 vertentia
1315 2080 1450 2122 judicii,
1472 2078 1659 2121 ignorantia
1679 2076 1796 2124 leviter
1805 2055 2084 2125 culpabilis.sl{iis
2100 2077 2160 2112 tri·

1135 2123 1193 2157 bus
1209 2124 1330 2158 casibus
1354 2133 1425 2156 non
1451 2123 1547 2155 datur
1564 2121 1733 2154 Sacerdoti
1749 2119 1911 2167 sufficiens
1922 2123 2051 2167 fe'ccati
2070 2119 2161 2153 noti-

1134 2165 1204 2204 tia,
1225 2174 1261 2198 ut
1277 2175 1393 2199 omnes
1411 2162 1619 2196 consentiunt
1637 2162 1775 2195 Theolo
1800 2172 1827 2194 i.
1849 2162 1910 2196 Sed
1921 2172 1956 2195 in
1969 2170 2069 2207 tertia
2078 2172 2160 2203 prae-

1133 2206 1201 2240 fata
1220 2203 1460 2240 circumstantia
1478 2227 1489 2243 ,
1510 2203 1532 2237 si
1549 2203 1635 2237 bona
1653 2202 1717 2236 fide
1733 2201 1784 2236 fa,
1800 2214 1819 2236 a
1837 2203 1874 2236 sit
1891 2202 2051 2249 conieffiq
2067 2226 2079 2242 ,
2101 2214 2160 2237 ne-

1134 2248 1310 2282 cessitatem
1335 2255 1455 2289 negant
1482 2245 1516 2278 in
1534 2246 1639 2279 altera
1655 2243 1855 2279 confeffione
1879 2245 1966 2278 hunc
1993 2244 2161 2289 delectum

1135 2289 1307 2330 reparandi
1318 2297 1335 2322 .’
1348 2290 1388 2323 In
1407 2287 1528 2321 caeteris
1546 2296 1657 2320 autem
1675 2286 1798 2320 duabus
1814 2287 1935 2320 necesse
1952 2286 1998 2320 est
2016 2284 2159 2327 suppres-

1133 2329 1257 2364 sionem
1274 2329 1525 2374 circumstanti&
1541 2327 1691 2363 mortalis
1707 2338 1854 2374 reparare
1864 2338 1874 2366 ;
1895 2326 1967 2374 imo
1984 2326 2005 2359 fi
2023 2338 2078 2373 per
2087 2338 2161 2362 ma.

1133 2371 1204 2405 lam
1221 2372 1320 2404 fidem
1337 2369 1470 2403 scienter
1488 2369 1645 2414 suppressa
1660 2367 1757 2403 fuerit
1773 2391 1784 2407 ,
1802 2379 1876 2414 *non
1895 2368 2003 2402 solum
2026 2369 2059 2401 id
2082 2379 2159 2410 pec-

1134 2421 1264 2450 catum,
1287 2411 1338 2445 sed
1356 2419 1428 2444 tota
1444 2410 1544 2456 etiam
1557 2409 1719 2457 ,conscilio
1737 2410 1785 2456 est:
1800 2410 1946 2455 iteranda
1957 2421 1969 2443 :
1991 2418 2107 2456 utpote
2115 2421 2156 2445 ex

1133 2452 1279 2495 perversa
1305 2452 1491 2498 confitentis
1509 2450 1719 2493 dispositione
1735 2473 1746 2490 ‚
1777 2451 1924 2486 invalida
1941 2454 1976 2486 δε
2006 2451 2158 2487 interiori

1134 2493 1341 2530 absolutione
1363 2493 1531 2527 destituta.

1184 2548 1362 2586 sessionis
1373 2546 1541 2591 ejusdem
1560 2545 1669 2584 le.
1690 2545 1782 2593 Cap.
1805 2546 1874 2584 VI.
1890 2548 1936 2585 de
1952 2546 2069 2587 refor.
2086 2548 2158 2586 sta-

1135 2600 1285 2637 tuitur:
1313 2595 1369 2634 Ut
1385 2596 1487 2633 Cleri
1505 2622 1517 2641 ‚
1541 2598 1601 2645 qui
1614 2594 1775 2642 insacris
1798 2596 1882 2642 sunt
1898 2623 1910 2642 ‚
1937 2607 2001 2634 aut
2022 2600 2081 2646 qui
2096 2597 2157 2648 be-

1133 2646 1201 2695 nefi
1203 2651 1292 2685 cium
1307 2643 1758 2694 Ecclefiafticttmpoffident
1770 2671 1782 2690 ,
1797 2644 2075 2692 Ecclesia-sticum
2089 2647 2155 2684 ba-

1133 2698 1243 2735 bitum
1258 2695 1447 2744 deferant:
1472 2698 1511 2738 (3'
1532 2694 1563 2739 fi
1590 2693 1771 2742 postquam
1795 2695 1842 2731 ab
1860 2695 2033 2745 Episcopo
2047 2700 2156 2734 moni-

1132 2747 1254 2795 tisunt
1271 2772 1283 2792 ‚
1310 2746 1470 2783 habitum
1492 2744 1611 2781 adhuc
1625 2743 1768 2793 deferre
1783 2743 1945 2789 recusant
1962 2772 1974 2791 ,
2026 2758 2063 2782 er
2073 2744 2155 2792 sur.

1130 2796 1320 2846 pensionem
1337 2796 1381 2831 ab
1408 2793 1609 2832 Ordinibus
1626 2820 1637 2839 ‚
1663 2804 1726 2829 aut
1751 2791 1913 2839 beneficio
1936 2757 2053 2842 ejussae
2069 2795 2155 2841 frn-

1132 2848 1247 2885 Huum
1257 2847 1462 2895 privatione
1478 2870 1489 2888 ,
1515 2843 1560 2880 ab
1583 2842 1781 2880 ordinario
1794 2846 1986 2890 puniantur
2003 2870 2014 2889 ‚
2040 2857 2153 2893 quan.

1131 2899 1265 2936 tumvis
1287 2896 1442 2942 exempti
1449 2893 1570 2940 forent
1585 2920 1594 2929 .
1621 2891 1666 2930 Si
1685 2891 1770 2928 vero
1784 2896 1935 2941 correpti
1950 2893 2069 2932 adhuc
2092 2909 2153 2933 ne..

1125 2947 1302 2995 glexerint
1331 2971 1344 2990 ,
1377 2955 1440 2992 per
1462 2942 1644 2988 officiorum
1669 2951 1733 2978 aut
1765 2941 2002 2989 beneficIorum
2022 2949 2152 2992 priva-

1129 3001 1254 3037 tionem
1280 3004 1503 3032 coercenntur
1516 3020 1525 3027 .

1170 3043 1315 3086 Idipsum
1332 3031 1408 3087 ante
1425 3040 1634 3075 constituerat
1651 3038 1848 3087 Concilium
1865 3040 2056 3088 viennense
2070 3043 2152 3079 Cle-⁴

1129 3096 1229 3123 ment.
1246 3085 1406 3128 quoniam
1425 3083 1639 3123 innovando,
1661 3082 1703 3116 de
1720 3092 1788 3116 vita
1799 3086 1833 3117 &
1851 3082 1963 3117 bonel.
1978 3083 2068 3119 Cler.

1180 3140 1359 3185 Ejusdem
1382 3138 1561 3176 Seffionis
1577 3139 1670 3185 Cap.
1688 3137 1737 3177 Χ.
1766 3137 1965 3185 Regularia
1979 3136 2152 3185 benefic-Ia

1129 3194 1165 3229 in
1187 3189 1328 3228 titulum
1357 3189 1412 3227 Re
1438 3186 1602 3226 ularibus
1622 3184 1780 3237 proseffis
1796 3186 1988 3236 provideri
2009 3187 2161 3236 consue·'

1128 3252 1192 3287 ta,
1216 3238 1293 3277 cum
1307 3249 1370 3287 per
1394 3202 1524 3276 oiitum
1541 3250 1604 3275 aut
1620 3237 1883 3284 refignationem
1905 3236 1965 3274 vel
1978 3236 2079 3276 alias
2104 3237 2148 3277 il-

1128 3291 1165 3327 la
1188 3293 1224 3326 in
1247 3288 1388 3326 titulum
1410 3288 1596 3326 obtinentis·
1625 3299 1762 3323 vacare
1785 3290 1966 3334 contigerit
1991 3314 2004 3334 ‚
2043 3288 2146 3326 Reli.

1122 3339 1230 3389 giost's
1252 3338 1491 3376 tantummodo
1512 3338 1610 3376 illius
1633 3337 1814 3382 Ordinis,
1842 3336 1901 3374 vel
1923 3339 1967 3374 iis
1994 3341 2056 3388 qui
2081 3339 2148 3376 ha-

1127 3393 1236 3427 bitum
1253 3391 1384 3426 omnino
1395 3386 1572 3435 suscipere
1593 3389 1632 3430 ΰ·
1648 3384 1883 3435 proseffionem
1912 3390 2071 3427 emittere
2094 3399 2147 3426 te-

1127 3449 1298 3484 neantur,
1324 3439 1365 3481 ἐς
1384 3451 1446 3475 non
1464 3438 1551 3485 alijs
1578 3435 1805 3484 conferantur
1827 3446 1837 3482 ;
1863 3450 1924 3475 nec
1947 3436 2078 3484 vestem
2100 3438 2146 3476 li-

1127 3504 1166 3527 no
1182 3489 1336 3537 lanaque
1354 3498 1551 3525 contextam
1570 3487 1744 3524 induant.
1772 3486 1886 3524 Deut-
1907 3498 1967 3524 22.

1175 3553 1271 3599 Cap.
1287 3552 1361 3591 Xl.
1389 3554 1490 3603 Quia
1504 3552 1590 3590 verb
1606 3552 1806 3601 Regulares
1821 3550 1867 3589 de
1881 3551 2013 3589 unoad
2033 3547 2144 3585 alium

1126 3600 1305 3642 Ordinem
1316 3603 1514 3649 translati,
1527 3594 1642 3650 facile
1655 3601 1750 3686 dsgo
1766 3599 1952 3693 Superiore
1965 3599 2146 3688 licssztnizm

1746 3661 1767 3685 u
