2430 3958
349 207 796 291 -Conc'llium
817 194 1272 294 Londinense
1329 243 1441 297 an.
1466 168 1496 297 ἰ
1528 250 1560 299 2
1578 225 1701 300 68.

1932 227 2036 319 46
2046 239 2092 318 3³

70 339 176 388 atque
196 327 412 376 Praecfl'fmm
426 349 438 369 ³
465 334 504 360 ’Ν
532 323 686 384 Μὶυθνίξ
713 324 848 384 (ς’ἶθνῖθῖ
867 322 1012 382 [sssum.
1032 321 1088 373 bb·
1121 331 1235 375 gregis
1251 343 1373 368 curam
1390 357 1404 377 ,
1430 331 1484 368 ad
1507 327 1798 380 desponsataru'm
1811 331 1883 378 sibi
1901 331 2141 379 Ecclesiarum

64 377 271 425 ¹uesictorum
284 375 400 425 dpmos
419 373 460 416 ὁ·
473 384 602 411 caetera
614 372 768 421 adificta
783 401 796 421 ,
809 384 911 422 prout
933 372 1091 420 indigue·
1127 374 1286 423 solatium
1302 406 1315 427 ,
1337 381 1509 429 praecipue
1531 382 1655 419 diebus
1669 382 1880 429 solemnibus
1899 382 2144 437 Qadragesi-

70 431 147 466 rint
162 454 175 475 ,
202 424 342 472 reficere
363 422 529 468 studeant
554 424 809 463 condecenter:
832 422 886 460 ad
911 422 1005 472 quod
1025 433 1091 471 per

67 477 152 527 suos
177 474 369 524 Episcopos
387 500 400 520 ‚
425 473 484 510 vel
511 474 793 511 Archidiaconos
813 498 825 518 ,
846 473 994 520 sollicite
1023 484 1092 508 mo-

64 530 244 565 neantur.
269 523 316 562 Si
341 526 421 573 quis
447 522 531 560 vero
550 521 621 571 posi
637 522 805 572 Episcopi
818 522 877 558 vel
893 520 1092 560 Arc-bidia-

21 605 23 607 -
70 579 144 615 coni
164 575 224 623 sui
247 576 490 620 monitionem,
513 584 575 620 per
607 573 696 611 duos
727 571 860 621 menses
897 572 939 608 id
967 571 1091 619 facere

73 626 282 674 ceffaver'it,
308 636 353 661 ex
379 634 456 661 tunc
479 621 677 672 Episcopus
702 621 800 670 ipse,
825 619 932 670 ipsius
958 619 1094 658 Clerici

15 708 21 726 a
69 674 269 724 sumptibus
285 699 298 720 ,
323 673 366 711 id
377 671 462 719 sieri
478 671 600 720 faciat
614 672 826 719 diligenter,
851 670 898 708 de
912 669 1094 717 frudiibtts

72 726 178 775 ipfius
194 722 384 771 Ecclesiae,
409 722 469 760 vel
491 721 669 768 beneficii,
689 719 877 770 praesentis
897 720 1094 756 authorita-

10 807 14 812 ,
70 787 107 815 te
118 774 244 819 siatuti
259 798 273 818 ,
292 783 431 810 tantum
450 774 564 821 accipi
570 772 716 819 faciens
727 795 740 816 ,
754 778 922 819 quantum
935 769 989 805 ad
1002 768 1094 814 refe-

70 827 218 863 ‹Sionem
249 821 448 870 hujusmodi
464 822 618 870 sufficiat
645 819 908 870 peragendam.
936 817 1095 855 Cancel-

17 884 19 886 ·
71 875 124 913 los
151 877 261 911 etiam
278 871 442 914 Ecclesiae
458 883 524 920 per
537 883 595 909 eos
606 896 619 917 ,
638 871 705 920 qui
717 867 772 905 ad
783 868 826 906 id
843 877 1001 906 tenentur
1013 893 1026 913 ,
1040 879 1094 904 re-

68 923 134 974 fici
151 923 303 970 saciant
317 948 330 968 ,
342 931 443 971 prout
454 917 618 970 superitls
635 918 682 965 est
695 918 907 967 expreffum.
939 917 1096 956 Archio-

99 973 228 1023 iscopos
252 973 364 1017 verb,
392 971 586 1019 Epist-opos
605 969 646 1012 (5
670 968 761 1005 alios
788 971 971 1014 inferiores
998 969 1096 1004 Prae.

67 986 173 1062 patos
199 1023 317 1061 domos
343 1035 386 1058 ac
411 1019 565 1067 aedificia
585 1018 656 1068 sua
677 1017 784 1066 sarta
805 1019 901 1055 tedia
927 1015 1067 1063 reficere
1083 1042 1096 1063 ,

74 1076 116 1118 &
142 1077 176 1111 in
190 1071 286 1119 slatu
305 1069 367 1119 suo
389 1068 595 1117 conservare
621 1082 664 1106 ac
682 1078 797 1106 tenere
811 1065 877 1113 sub
894 1068 1026 1104 Divini
1040 1067 1098 1114 ju-

74 1125 165 1162 dicii
188 1121 412 1165 obtestatione
434 1122 679 1168 praecipimus:
704 1126 742 1154 ut
765 1116 830 1165 ipsi
862 1130 905 1154 ea
919 1114 1098 1162 reficiant,

73 1186 150 1224 que
168 1173 358 1219 refeeiione
386 1172 548 1206 noverint
573 1167 750 1214 indigere.

113 1220 317 1256 Concilium
333 1215 592 1260 Moguntinense
608 1214 671 1248 subr
682 1214 810 1248 Carolo
821 1214 949 1256 Magno
966 1225 1037 1248 can.
1047 1226 1098 1255 42.

71 1263 222 1298 {imiliter
243 1260 387 1295 decernit
405 1271 424 1307 :-
437 1261 634 1307 Qicumque
660 1256 898 1298 Ecclesiasticum
922 1256 1099 1297 beneficium

71 1307 203 1342 babent,
222 1300 344 1336 omnini»
367 1301 421 1335 adt
445 1308 525 1333 vent
551 1300 592 1331 aa
608 1296 690 1330 tefla
709 1298 842 1340 Ecclesia
871 1297 1069 1338 restauranda
1086 1321 1097 1337 ‚

72 1349 129 1380 vel
144 1347 220 1387 ipstts
236 1342 380 1383 Ecclesias
400 1339 606 1374 emendandas
623 1363 631 1371 .
654 1338 698 1372 Et
716 1338 848 1373 refertur
874 1337 893 1372 ὲ
911 1338 1098 1373 Burchardo

71 1387 169 1430 lib.3.
189 1384 357 1429 Decretal3
373 1393 443 1424 cap.
455 1391 504 1423 30.
527 1384 562 1415 δε
581 1380 734 1427 avaone
752 1392 782 1422 p.
794 1391 822 1423 3.
833 1392 902 1422 cap.
913 1388 962 1422 35.
983 1384 1098 1421 &cap.

44 1446 46 1450 >
60 1435 101 1464 ³1.
115 1430 155 1462 de
175 1424 287 1461 eccles.
296 1424 411 1458 aed1fic.
430 1425 514 1457 Item
524 1424 659 1456 cod.t=t.
671 1425 782 1464 cap.de
791 1422 841 1455 his
852 1445 861 1460 ,
872 1421 1037 1455 statuitur:
1051 1427 1098 1454 De

70 1470 116 1504 bis
132 1472 186 1512 qui
199 1467 380 1510 parochiales
387 1465 532 1507 Ecclefias
548 1466 677 1503 babent,
694 1466 838 1498 duximus
852 1465 1100 1504 respondendum,

20 1512 22 1517 ¹
94 1511 152 1546 aba
167 1513 207 1544 ad
225 1510 448 1551 reparationem
466 1512 513 1540 (T
529 1506 748 1547 institutionem
765 1506 968 1547 Ecclefiarum
984 1509 1045 1546 cogi
1052 1506 1100 1537 de.

20 1593 22 1596 .
70 1525 168 1593 gent,
188 1551 258 1586 ciam
274 1560 344 1592 opus
354 1551 478 1590 fuerit,
498 1549 533 1581 de
551 1548 650 1587 bonis,
671 1558 735 1588 que
749 1549 827 1588 fient
842 1548 930 1589 ipsius
946 1546 1100 1588 Ecclefiae,

62 1596 97 1638 fi
112 1598 152 1628 eis
159 1593 316 1637 supersint
323 1614 336 1631 ‚
357 1591 574 1635 tonsura-ut
599 1600 704 1622 eorum
730 1592 866 1631 exemplo
894 1591 991 1622 cateri
1011 1590 1102 1620 invi-

72 1646 198 1671 rentur.
221 1634 380 1668 Praeterea
396 1630 594 1665 Concilmm
609 1630 819 1673 Lingonenie
836 1630 914 1664 anni
932 1629 1011 1663 Chr.
1028 1629 1100 1671 859.

72 1678 213 1712 camXI-
230 1674 365 1709 definit:
387 1676 431 1707 Ut
446 1673 580 1714 Ecclesia
586 1673 765 1713 sarciantur
782 1678 829 1707 (5⁶
845 1671 1052 1712 restaurentur
1067 1674 1100 1703 in

67 1721 198 1760 adificiis
214 1718 252 1750 ab
267 1720 323 1755 iis,
345 1718 399 1757 qui
414 1715 499 1747 rebus
516 1725 623 1760 earum
639 1722 793 1747 utuntur.
823 1715 878 1747 Ad
895 1723 993 1754 quem
1010 1711 1100 1745 enim

74 1760 198 1802 spectat
214 1758 504 1794 emolumentum,
522 1763 659 1797 pertmet
676 1754 780 1788 etiam
797 1766 898 1793 onus,
920 1755 943 1787 l.
961 1752 1100 1786 manife-

70 1801 196 1837 stiffimi
205 1825 217 1841 ,
236 1802 348 1842 §.pem
368 1797 469 1831 infin.
485 1796 573 1830 Cod.
591 1797 632 1830 de
648 1795 724 1830 furt.
746 1795 879 1838 Ipseque
897 1794 1100 1829 ul'ufruetua-

72 1844 140 1878 rius
156 1851 285 1877 tenetur
302 1841 343 1874 ad
357 1837 439 1872 sarta
448 1837 554 1878 ῑεᾶα,
573 1839 682 1872 Leum
700 1838 740 1871 ad
751 1849 873 1880 quem,
892 1836 932 1869 C.
952 1838 991 1870 de
1000 1835 1098 1869 ulufr.

72 1889 109 1919 δε
126 1882 326 1918 1.υ1ῑιίίἰιᾶιι
345 1882 474 1922 legato,
496 1878 531 1913 ff.
548 1881 622 1913 eod.
640 1878 729 1913 Vide
746 1878 887 1912 omnini)
905 1877 1099 1911 Concilium

70 1927 110 1964 ,T
111 1925 229 1959 rident.
239 1922 310 1957 sess.
320 1932 371 1956 21.
382 1924 420 1955 de
438 1920 572 1956 reform.
581 1931 650 1963 cap.
658 1931 690 1962 7.

122 1966 323 2006 Can.XX.
340 1965 447 2001 Deus
468 1966 704 2012 omnipotens,
729 1964 829 2010 cujus
848 1965 965 2001 omnia
982 1961 1066 2009 sunt
1084 1989 1096 2008 ,

71 2019 226 2068 pretium
249 2013 429 2063 quodlibet
449 2023 512 2060 pro
534 2013 663 2049 delicto
688 2024 753 2048 non
783 2014 913 2060 accipit
938 2038 950 2057 ‚
985 2012 1099 2053 &bo-

73 2064 261 2111 locausium
282 2076 347 2101 non
369 2060 518 2111 postulat
537 2072 602 2110 pro
623 2070 767 2109 peccato
785 2087 795 2096 .
823 2060 990 2111 Qidam
1011 2060 1098 2096 vero

73 2116 130 2155 ad
151 2116 298 2153 aliorum
319 2114 470 2160 regimen
492 2110 661 2159 deputati
686 2109 747 2147 boc
770 2111 970 2157 ignorantes
993 2134 1007 2155 ,
1033 2119 1098 2145 aut

76 2179 124 2205 ex
156 2165 351 2204 temeraria
386 2159 548 2210 quadam
596 2158 770 2203 industria
807 2169 1060 2197 contemnentes
1086 2184 1098 2204 ,

76 2214 157 2256 edm
176 2223 368 2265 peccatur,
394 2212 420 2248 ὰ
437 2208 592 2256 subditis
613 2209 775 2246 debitam
794 2219 859 2257 pro
879 2210 1027 2259 pecunia
1037 2218 1099 2261 pf-

75 2279 161 2304 nam
183 2265 384 2301 remittunt.
411 2259 475 2296 Ex
498 2272 564 2306 quo
580 2255 654 2304 fit,
681 2268 719 2294 ut
737 2283 752 2303 ,
789 2257 874 2295 Deo
896 2272 959 2295 non
981 2257 1098 2294 indul-

72 2325 178 2365 gente
197 2339 208 2358 ,
234 2322 310 2350 tam
333 2308 472 2346 vindex
494 2308 653 2344 criminis
674 2308 785 2355 qudm
814 2306 1002 2352 commiffor
1032 2305 1097 2355 sua

77 2369 114 2403 in
136 2363 258 2402 eodem
274 2358 417 2408 sacculo
439 2356 576 2395 delicia
610 2356 802 2403 consignent
831 2357 971 2402 pariter
997 2354 1098 2401 judi-

77 2414 188 2453 candi
198 2440 206 2448 .
235 2410 288 2448 Et
305 2411 391 2458 quia
411 2410 519 2457 juxta
533 2405 765 2450 B-Isidorum
778 2404 911 2442 nullam
931 2417 1008 2441 reus
1017 2415 1097 2452 per-

77 2462 229 2510 timescit
251 2460 416 2508 culpam,
440 2471 548 2507 quam
570 2455 743 2492 redimere
764 2457 912 2491 nummis
935 2451 1097 2498 aestimat,

77 2527 146 2552 non
169 2525 214 2549 ex
242 2511 301 2547 hoc
324 2508 422 2546 mala
443 2506 610 2543 voluntas
633 2507 800 2541 minuitur
820 2503 879 2540 vel
911 2514 1094 2547 mutatur,

72 2562 143 2612 sed
163 2558 284 2612 potitis
307 2559 419 2596 datur
440 2556 640 2593 authoritas
664 2556 703 2597 Θ
726 2554 872 2590 licentia
894 2553 1099 2601 delinquen-

78 2613 143 2651 di.-
169 2611 398 2653 statuimus,
421 2618 457 2644 ut
474 2605 628 2642 Praelati
639 2631 651 2650 ,
675 2616 753 2653 quae
772 2602 978 2650 corrigenda
1001 2605 1099 2639 inve-

77 2664 215 2707 nerint,
242 2661 416 2706 corrigant
439 2655 649 2703 diligenter,
677 2667 739 2690 nec
759 2655 943 2702 pecuniam
969 2651 1022 2688 ad
1038 2651 1097 2688 hoc

77 2723 117 2751 ut
141 2725 202 2748 non
223 2708 387 2755 visitent,
413 2705 471 2742 vel
496 2719 558 2742 non
579 2705 755 2751 corrigant
771 2729 783 2748 ,
809 2702 867 2739 vel
890 2712 928 2738 ut
950 2704 1097 2738 crimina

80 2776 143 2799 non
163 2762 339 2810 puniant,
365 2755 410 2792 ab
432 2755 549 2804 aliquo
573 2755 724 2802 recipere
752 2751 964 2801 praesumant
982 2763 999 2797 ,·
1040 2764 1099 2786 nec

76 2812 130 2849 ali
156 2824 215 2848 uos
234 2808 422 2857 sententiis
439 2804 518 2853 suis
538 2804 724 2841 involvant
748 2799 870 2851 injusie'
881 2828 895 2847 ,
920 2812 958 2838 ut
986 2800 1031 2837 ab
1047 2802 1099 2837 eis

74 2825 198 2912 posint
217 2860 403 2909 pecuniam
425 2868 470 2892 ex·
493 2855 553 2891 hoc
579 2865 781 2902 extorquere
795 2878 805 2888 .

128 2921 228 2960 Can.
244 2918 379 2958 XXII.
395 2918 522 2964 Pallor
535 2918 642 2957 bonus
655 2917 840 2967 agnoscens
847 2930 988 2965 gregem
996 2915 1100 2963 suum

81 2970 187 3008 debet
208 2968 322 3019 ipsum
349 2972 476 3007 mentis
491 2970 531 3012 (2⁴5
543 2971 698 3017 corporis
714 2968 823 3007 oculis
841 2970 973 3015 jugiter
987 2968 1098 3003 intue-

81 3023 142 3065 ri,
167 3021 260 3064 &ne
283 3015 394 3069 ipsum
418 3018 599 3064 insidiosus
619 3018 723 3068 lupus
738 3018 893 3056 invadat
907 3044 919 3062 ,
940 3016 1029 3060 sicut
1044 3017 1100 3054 bo-

79 3068 147 3117 ftis
166 3068 405 3120 persequendo
420 3069 587 3116 invigilat
600 3095 613 3114 ,
627 3067 677 3114 fic
693 3068 869 3107 Praelatus
883 3064 1009 3111 resistet
1023 3079 1100 3102 con-

78 3119 179 3157 tinne
200 3115 447 3168 defendendo.
476 3121 624 3168 Oportet
658 3120 766 3167 igitur
786 3144 799 3164 ‚
836 3127 874 3155 ut
908 3115 1099 3164 corporalis

82 3166 272 3219 prasentia
294 3167 403 3218 ipsum
420 3169 568 3218 sollicite
592 3179 756 3214 tueatur,
782 3170 868 3217 quia
881 3166 1012 3202 videns
1023 3167 1100 3203 Pa-

80 3218 151 3265 stor
165 3221 204 3261 ὅ
218 3220 358 3255 veniens
373 3217 467 3269 saepe
492 3234 555 3256 non
579 3221 711 3256 invenit
734 3217 827 3267 quod
848 3216 989 3264 reliquit
1011 3241 1024 3260 ,
1059 3214 1099 3252 eb

81 3269 177 3320 quod
210 3267 302 3305 illud
335 3268 568 3317 adversarius
601 3283 662 3305 non
687 3267 856 3305 recedens
890 3277 998 3313 neque
1020 3265 1101 3301 dor-

80 3321 194 3356 miens
215 3316 416 3366 asportavit
431 3347 440 3354 .
464 3318 564 3356 Sane
585 3318 665 3356 licet
682 3316 850 3367 Episcopi
867 3316 919 3351 ad
937 3313 1101 3364 persona-

3 3362 8 3375 '
57 3368 149 3406 <lem
170 3366 397 3412 residentiam
420 3370 513 3406 circa
531 3382 674 3417 gregem
689 3369 838 3406 Domini
859 3363 921 3406 tibi
947 3363 1098 3413 commis-

76 3417 156 3467 sum
184 3427 260 3454 tam
293 3418 451 3454 Divinis
483 3421 591 3467 quam
621 3414 876 3461 Ecclesiasticis
913 3416 1100 3462 praeceptis

79 3465 267 3513 noscantur
299 3465 467 3512 asiritfli:
500 3471 586 3517 quia
610 3472 664 3512 sin
695 3466 861 3517 partibus
897 3463 1012 3508 noslrae
1051 3462 1100 3500 le-

74 3520 232 3566 gationis
264 3516 415 3553 nonnulli
430 3514 513 3562 sunt
538 3544 551 3563 ,
575 3520 636 3566 qui
667 3518 727 3555 hoc
757 3514 942 3553 attendere
958 3527 1020 3550 non
1043 3516 1099 3549 vi-

80 3567 232 3616 dentur;
251 3566 329 3603 Nos
344 3565 433 3615 ipsos
448 3565 636 3610 efficaciter
658 3567 840 3604 hortamur
867 3570 902 3601 in
925 3564 1101 3607 Domino,

81 3618 122 3660 (5
147 3619 183 3654 in
218 3618 351 3653 virtute
398 3614 436 3652 S.
465 3615 712 3662 Obedientiae,
737 3626 843 3664 atque
875 3613 934 3660 sub
969 3613 1104 3651 Divini

81 3665 302 3711 obtestatione
327 3665 458 3712 judicii
488 3678 733 3703 conmonemus
758 3692 769 3712 ,
795 3675 834 3702 ut
871 3662 923 3701 ad
948 3660 1102 3708 commissi

1127 426 1279 486 malibus
1289 456 1302 476 ,
1318 433 1358 473 (⁰5
1373 431 1571 469 Adventus
1581 457 1593 477 ,
1605 430 1703 480 praes
1697 435 1827 469 entiam
1834 431 1940 480 suam
1953 433 2144 470 exhibeant

1127 475 1286 536 debitam
1298 505 1310 525 ,
1324 480 1450 528 quibus
1458 478 1499 527 se
1517 479 1595 523 side
1609 480 1732 520 media
1744 481 1949 531 copularunt
1964 496 1972 520 :
1983 480 2010 530 s
2005 483 2145 520 andium

1128 525 1163 562 C
1163 525 1246 585 hrts
1241 542 1297 564 ma
1307 555 1320 575 ‚
1347 530 1474 566 Oleum
1491 528 1636 578 sacrum
1651 557 1664 577 ,
1679 531 1719 574 (5
1732 531 1860 568 Oleum
1882 530 2095 578 infirmorum
2109 535 2146 568 in

1128 575 1188 634 die
1204 578 1319 615 Coenae
1338 580 1485 617 Domini
1533 579 1657 618 uolibet
1672 594 1765 617 anno
1783 578 1965 628 conficiant
1983 608 1993 624 ,
2010 580 2071 626 nisi
2085 594 2147 619 eos

1130 624 1240 663 ditiis
1257 627 1383 667 diebus
1402 628 1448 665 ab
1470 594 1621 678 ipsorum
1641 629 1806 674 Ecclesiis
1828 632 1855 668 ἁ
1869 628 1941 677 suis
1958 627 2149 679 superiori-

1130 673 1195 712 bus
1211 678 1453 726 evocatos‚vel
1471 691 1516 715 ex
1526 678 1603 717 alia
1616 678 1712 727 jusia
1729 678 1838 727 causa
1856 688 2011 728 oporteat
2026 678 2149 726 absen-

1131 734 1210 760 tare
1222 752 1232 770 ,
1248 737 1285 763 ut
1299 728 1392 775 quod
1409 726 1557 776 ipsorum
1579 742 1695 767 nomen
1706 728 1898 777 praetendit
1912 755 1923 774 ,
1943 731 1983 772 ὅ
1997 730 2150 776 commi]-

1127 772 1156 820 s
1150 788 1206 834 um
1211 774 1279 820 sibi
1293 776 1514 820 minisierium
1525 781 1650 825 exigit,
1659 778 1752 827 quod
1765 791 1829 816 non
1845 775 1960 815 minus
1969 780 2062 826 gerit
2074 791 2150 816 one-

1131 835 1184 861 ris
1197 828 1304 872 qudm
1315 825 1611 874 honoris,solicitis
1621 825 1764 871 sludedt
1778 827 1936 865 excubiis
1945 825 2131 874 observare
2140 855 2151 866 .

1182 875 1438 932 CastXXHI.
1465 877 1641 914 Nonnulli
1664 879 1700 914 in
1715 876 1874 922 Ecclesia
1886 903 1898 924 ,
1912 889 1988 927 quae
1998 888 2063 926 per
2074 888 2154 926 pro-

1131 934 1227 972 prios
1261 925 1439 973 consuevit
1456 926 1648 974 gubernari
1675 926 1844 964 Rectores
1864 930 1900 964 in
1922 925 2004 974 usus
2036 939 2152 964 eorum

1134 972 1285 1019 conceffa
1299 1002 1310 1020 ‚
1326 986 1362 1012 ut
1389 986 1497 1014 totum
1518 975 1614 1027 quod
1634 988 1678 1013 ex
1702 978 1934 1025 appropriata
1945 975 2012 1021 sibi
2026 976 2153 1014 Eccle-

1128 1021 1187 1068 sia
1208 1028 1370 1071 provenit
1388 1052 1399 1071 ‚
1424 1025 1603 1064 inhianter
1637 1023 1844 1072 absorbeant
1860 1051 1873 1072 ,
1900 1026 2013 1074 ipsam
2044 1025 2151 1063 relin-

1135 1084 1242 1121 quunt
1256 1074 1294 1110 V
1293 1077 1400 1112 icario
1413 1074 1632 1121 destitutam,
1648 1085 1711 1112 aut
1721 1074 1754 1120 si
1768 1075 1953 1112 Vicarium
1964 1078 2006 1111 -in
2024 1088 2067 1111 ea
2076 1074 2152 1121 sor-

1136 1121 1231 1168 tassis
1245 1123 1425 1167 inslituunt
1436 1151 1448 1170 ‚
1463 1127 1517 1161 ita
1532 1125 1707 1162 modicam
1729 1124 1844 1162 eidem
1864 1125 2062 1172 relinquunt
2071 1123 2156 1170 sru-

1137 1172 1253 1208 auum
1274 1176 1464 1221 portionem
1478 1199 1490 1219 ,
1515 1173 1611 1223 quod
1633 1188 1697 1212 non
1707 1172 1814 1222 potest
1832 1172 1901 1218 sibi
1910 1169 2064 1221 sufficere
2080 1187 2097 1221 ;
2111 1175 2152 1216 (⁶5

1139 1222 1507 1269 Archidiaconorums,
1527 1225 1567 1266 (5
1580 1223 1656 1261 alia
1669 1222 1739 1269 sibi
1761 1223 2026 1261 incumbentium
2047 1235 2153 1260 onera

1134 1271 1364 1320 supportare.
1434 1287 1474 1310 uo
1487 1269 1533 1318 sit
1554 1298 1567 1317 ,
1592 1283 1629 1310 ut
1653 1273 1746 1320 quod
1773 1276 1810 1310 in
1836 1270 2154 1321 eleemosynamyesi

1135 1320 1338 1371 provisum,
1365 1323 1404 1358 in
1434 1325 1512 1360 nim
1532 1320 1700 1359 avaritia
1721 1322 1874 1368 confluat
1890 1348 1904 1368 ‚
1929 1322 2090 1368 transeat
2118 1323 2155 1357 in

1138 1375 1304 1418 rapinam
1323 1400 1331 1407 .
1358 1371 1477 1420 Super
1502 1371 1559 1408 his
1578 1374 1683 1419 igitur
1696 1371 1857 1421 salubria
1882 1370 2043 1408 remedia
2067 1372 2156 1416 cogi-

1138 1431 1256 1458 tantes
1272 1436 1284 1465 ,
1310 1419 1494 1462 [latuimus
1549 1421 1588 1464 (5·
1602 1419 1759 1465 districte·
1774 1421 2012 1468 prat-ipimus,
2030 1429 2068 1455 ut
2082 1422 2158 1455 uni-

1137 1470 1229 1518 versi
1240 1470 1406 1518 Religiosi
1425 1447 1579 1519 exenipti
1592 1471 1628 1507 C
1630 1468 1809 1517 isierciens
1805 1482 1842 1506 es
1852 1495 1864 1514 ,
1879 1470 1919 1511 ὅ
1938 1468 2002 1504 alli
2015 1470 2156 1517 quicun-

1138 1533 1227 1570 que,
1253 1522 1313 1569 qui
1327 1519 1509 1566 Ecclesias
1529 1524 1567 1557 in
1587 1522 1746 1569 proprios
1768 1517 1850 1565 usus
1872 1517 2000 1555 habent
2014 1544 2026 1563 ,
2045 1515 2075 1563 si
2089 1518 2156 1555 Vi-

1138 1572 1229 1608 carii
1251 1584 1312 1607 non
1328 1569 1398 1613 sint
1419 1569 1520 1619 pofiti
1542 1571 1578 1605 in
1598 1568 1728 1616 iisdem
1745 1594 1757 1613 ,
1782 1568 1880 1615 infra
1912 1566 1975 1612 sex
1998 1566 2159 1610 mensium

1132 1620 1290 1668 spatium
1305 1619 1344 1656 V
1342 1622 1470 1656 icarios
1490 1617 1703 1669 prasentare
1720 1615 1945 1663 Dioecesanis
1972 1643 1984 1662 ,
2018 1619 2078 1665 qui
2099 1629 2157 1653 cos

1138 1669 1313 1716 inslituere
1335 1669 1510 1716 debeant,
1538 1682 1600 1705 non
1624 1669 1786 1705 omittant
1806 1676 1818 1712 3
1867 1665 1968 1703 uibus
1985 1665 2159 1712 sufficien-

1139 1729 1208 1756 tem
1230 1718 1395 1768 assignare
1423 1731 1486 1766 pro
1510 1717 1693 1767 facultate
1727 1679 1964 1760 Ecclesiarum
1992 1714 2158 1759 sludeant

1134 1772 1347 1818 portionem.
1379 1770 1548 1819 Alioquin
1573 1781 1616 1806 ex
1642 1779 1722 1805 tunc
1758 1766 1868 1803 iidem
1893 1762 2095 1811 Dioecesani
2117 1764 2159 1801 id

1130 1819 1256 1866 facere
1275 1817 1450 1866 studeant
1473 1819 1684 1866 diligenter.
1708 1815 1911 1854 Statuimus
1935 1828 2091 1864 quoque,
2118 1824 2157 1851 ut

1137 1867 1306 1918 Episcopi
1327 1871 1387 1918 qui
1412 1868 1593 1914 Ecclefias
1624 1871 1660 1904 in
1681 1868 1838 1915 proprios
1873 1863 1954 1912 usus
1987 1864 2115 1901 habent
2143 1890 2156 1909 ,

1135 1919 1259 1956 domos
1282 1922 1318 1955 in
1342 1919 1498 1967 ipsarum
1518 1918 1706 1957 Parochiis
1730 1913 1927 1962 construant
1952 1940 1963 1958 ‚
1990 1914 2049 1950 vel
2076 1913 2157 1951 olim

1135 1967 1351 2013 construiias
1372 1967 1582 2017 reaedificent
1595 1969 1635 2010 (5
1648 1963 1871 2009 conservent,
1898 1966 1932 1998 in
1955 1963 2078 2010 quibus
2102 1963 2160 2000 bo-

1137 2018 1228 2066 nesti·
1259 2016 1392 2066 possintx
1409 2021 1520 2066 recipi
1557 2016 1743 2063 visitantes
1771 2041 1782 2053 .
1817 2012 2041 2061 Supradit‘ia
2072 2012 2156 2048 υενὸ

1137 2069 1252 2103 omnia
1275 2078 1351 2103 tam
1373 2067 1419 2104 ab
1436 2066 1624 2116 Episcopis
1643 2093 1654 2111 ,
1679 2065 1787 2114 quam
1812 2062 1858 2099 ab
1873 2062 1981 2107 aliis,
2011 2064 2070 2109 qui
2087 2061 2159 2098 Ec-

1136 2115 1259 2161 clesias
1282 2120 1318 2153 in
1341 2120 1500 2166 proprios
1522 2116 1604 2164 usus
1633 2116 1758 2153 babent
1787 2138 1800 2159 ,
1834 2109 1918 2159 sieri
1937 2114 2158 2160 pracipimus

1136 2167 1177 2209 (⁴5
1198 2164 1342 2214 servari
1363 2194 1375 2206 .

1176 2217 1233 2251 Ad
1242 2226 1355 2250 curam
1373 2214 1449 2249 verb
1467 2214 1568 2249 alicui
1585 2212 1791 2249 Monasterio
1809 2210 1987 2250 subieffitm
1995 2220 2065 2243 non
2084 2217 2159 2243 mo-·

1135 2257 1245 2297 nachi,
1266 2256 1320 2291 sed
1345 2256 1511 2291 saeculares
1527 2255 1650 2291 Clerici
1674 2257 1716 2289 ab
1733 2255 1762 2289 E
1787 2255 1898 2295 iscopo
1920 2263 1997 2286 cum
2014 2249 2153 2285 confilio

1135 2299 1383 2346 Mqrgachprum
1410 2298 1600 2332 instituendi
1619 2298 1692 2332 sunt
1708 2309 1721 2335 ‚-
1752 2268 1792 2330 (ic
1809 2305 1920 2341 tames-1
1940 2302 1980 2340 ut·
1993 2304 2031 2326 cx
2058 2290 2160 2342 soljus'

1134 2341 1290 2382 Ep1lcop1
1306 2340 1441 2374 arbitrio
1459 2341 1526 2381 eius
1544 2341 1723 2380 dependeat
1739 2347 1811 2372 tam
1837 2337 2004 2370 ordinatlo
2022 2356 2033 2372 ,
2054 2342 2160 2374 quam!

1135 2381 1295 2422 depofitio
1318 2384 1352 2414 δε
1369 2381 1472 2414 totius
1490 2384 1558 2422 ejus
1577 2381 1653 2414 vitae
1673 2377 1879 2414 conversatio
1896 2399 1908 2415 ,
1928 2385 1955 2408 c.
1975 2385 2002 2407 1.
2021 2376 2062 2408 de
2087 2372 2159 2407 Cae

1135 2423 1213 2465 pell.
1232 2421 1499 2455 Monachorum.
1842 2416 1858 2438 ‘

1184 2465 1281 2502 Can.
1300 2463 1432 2503 XXX.
1457 2464 1502 2500 In
1523 2461 1700 2511 posterum
1718 2461 1795 2499 cum
1819 2438 1872 2497 dd
1886 2456 2086 2504 beneficium
2099 2471 2158 2495 cu-

1135 2526 1214 2550 ram
1238 2512 1373 2550 habens
1387 2515 1586 2549 animarum
1607 2524 1815 2561 quemquam
1834 2507 2066 2557 praesentari,
2093 2515 2158 2544 aut

1136 2562 1242 2611 ipsius
1263 2562 1478 2600 collationem
1501 2562 1601 2599 alids
1619 2559 1704 2608 fieri
1717 2561 1924 2607 contigerit,
1946 2555 2159 2605 statuimus,

1137 2624 1174 2650 ut
1192 2613 1367 2649 Pralatus
1387 2638 1400 2658 ,
1440 2614 1500 2660 qui
1520 2613 1614 2647 circa
1639 2611 1698 2648 hoc
1715 2609 1818 2657 suum
1845 2609 1940 2656 gerit
1973 2605 2118 2651 officium
2143 2630 2159 2650 ,

1135 2660 1232 2710 priris
1254 2661 1300 2698 de
1325 2664 1406 2698 vita
1421 2662 1460 2703 ὅ
1480 2658 1738 2707 conversatione
1764 2657 1970 2708 praesentati
1994 2668 2038 2692 ac
2057 2654 2159 2702 insti*-

1138 2710 1284 2756 tuendi,
1311 2722 1417 2759 atque
1439 2710 1486 2747 de
1509 2710 1618 2755 aliis,
1643 2721 1718 2758 quae
1737 2709 1825 2755 jura
1847 2707 2080 2756 praecipiunt‚
2104 2705 2158 2740 in-

1138 2760 1316 2809 quisitione
1342 2760 1514 2807 praemiffa
1531 2786 1543 2805 ,
1569 2762 1726 2808 inquirat
1749 2784 1759 2793 .
1794 2757 1874 2794 Hoc
1906 2767 2036 2804 quoque
2065 2754 2158 2798 vigi-

1138 2811 1255 2848 lanter
1279 2809 1449 2850 discutiat
1465 2811 1698 2857 &perquirat
1712 2835 1724 2854 ‚
1752 2805 1868 2843 utram
1903 2803 2035 2841 habeat
2064 2812 2157 2850 prae-

1133 2861 1320 2908 sentatus,
1346 2859 1405 2896 vel
1425 2858 1685 2906 instituendus,
1708 2853 1902 2902 hujusmodi
1931 2849 2155 2900 personatus,

1133 2909 1197 2959 seu
1233 2909 1310 2946 alia
1345 2907 1512 2955 beneficia
1542 2920 1662 2944 curam
1686 2908 1883 2943 animarum
1904 2901 2092 2939 habentia.

1189 2958 1450 2998 Can.XXX1.
1478 2958 1560 2995 Nos
1574 2958 1613 2999 ὡ·
1627 2958 1824 2993 animarum
1843 2951 1954 2999 saluti
1975 2951 2016 2994 ὅ
2033 2949 2158 2988 Eccle-

1132 3010 1266 3056 fiarum
1280 3007 1695 3056 status&indemnitati
1729 3004 1917 3051 diligentia
1941 3014 2012 3049 qua
2044 2998 2156 3048 poffn-

1139 3073 1216 3098 mus
1244 3072 1288 3096 ex
1316 3058 1416 3104 officii
1439 3056 1545 3103 nostri
1570 3055 1692 3092 debito
1721 3052 1915 3103 prospicere
1937 3051 2114 3099 cupientes
2142 3075 2156 3094 ,

1138 3108 1319 3157 universas
1335 3105 1572 3152 Ecclesiarum
1584 3103 1890 3142 commendationes
1899 3100 2067 3138 haetenus
2081 3100 2158 3148 qui-

1139 3158 1330 3208 buscunque
1347 3156 1502 3205 fatias,
1529 3154 1589 3200 nifi
1612 3167 1657 3191 ex
1682 3153 1842 3191 evidenti
1863 3149 2021 3188 utilitate
2050 3150 2155 3186 unius

1139 3207 1277 3247 tantum
1294 3206 1457 3250 Ecclesiae
1471 3203 1724 3242 commendatio
1734 3202 1840 3251 facia
1848 3199 1897 3247 sit
1907 3226 1920 3246 ‚
1944 3195 2088 3248 penittis
2102 3210 2157 3234 re-

1139 3272 1301 3296 vocamus
1315 3284 1330 3304 ,
1354 3259 1394 3299 (5
1409 3254 1506 3304 ipsas
1529 3267 1574 3291 ex
1599 3265 1678 3291 tunc
1700 3260 1874 3290 vacantes
1893 3249 2113 3288 decernimus
2140 3261 2155 3286 .-

1140 3312 1187 3347 eis
1218 3307 1270 3344 ad
1305 3319 1384 3356 quos
1417 3305 1572 3354 ipsarum
1594 3303 1760 3347 collatio,
1799 3299 1859 3338 vel
1889 3294 1945 3336 ad
1969 3311 2035 3336 eas
2068 3308 2161 3346 prae-

1134 3359 1288 3408 sentatio
1318 3355 1458 3404 [perflat
1478 3381 1489 3400 ,
1525 3352 1685 3400 distritio
1718 3350 1933 3412 mffdantes
1957 3373 1971 3394 ,
1995 3356 2035 3386 ut
2057 3345 2160 3394 infra

1141 3409 1229 3447 duos
1270 3404 1404 3452 menses
1437 3403 1514 3454 post
1543 3402 1721 3451 prasentis
1751 3398 2004 3448 constitutionis
2037 3395 2157 3444 nostra

1138 3457 1408 3510 publicationem
1439 3453 1618 3501 conferant
1645 3478 1659 3499 ,
1706 3449 1769 3498 seu
1801 3447 2042 3499 praesentent;
2076 3445 2163 3484 alio-

1142 3511 1224 3559 quin
1260 3505 1417 3555 ipsarum
1462 3503 1601 3541 collatio
1643 3501 1696 3539 ad
1739 3499 1873 3539 sedem
1918 3493 2156 3547 Apostolicam

1142 3556 1358 3596 devolvatur
1377 3576 1398 3591 ·.
1434 3555 1480 3591 In
1510 3551 1684 3602 posterum
1711 3561 1830 3588 autem
1866 3547 2061 3586 inhibemus
2084 3542 2158 3581 Ee-

1143 3607 1281 3652 clefiam
1304 3604 1494 3654 quamlibet
1531 3600 1765 3640 commendari
1799 3626 1811 3646 ,
1851 3598 1912 3643 nifi
1940 3594 2040 3644 justa
2076 3605 2157 3629 cau.

1139 3658 1187 3706 fa
1225 3659 1264 3700 (⁴5
1299 3656 1455 3703 legitima
1494 3654 1534 3691 id
1572 3650 1734 3701 exposcat
1768 3677 1778 3684 .
1833 3648 1887 3686 Et
1924 3657 1963 3685 ut
2001 3641 2158 3680 omnibus

1743 3700 1790 3737 Ll
1836 3709 1858 3733 ι
2027 3693 2132 3733 verso-
