2470 3990
348 271 440 341 ilo

276 377 341 411 tur
364 373 472 407 :aut
498 365 711 415 etiam-*qui
737 359 1031 414 illum‘generis
1057 362 1311 410 proximitate

279 422 518 470 contingunt
529 441 545 463 ,
574 416 750 457 incidant
769 416 809 454 in
838 414 1002 466 negotia
1010 416 1029 462 ⁸,
1038 411 1193 465 ejusque
1205 421 1311 462 mors

275 471 493 521 implicetur
520 464 876 522 diffamationibus.
1088 474 1103 496 2
1139 479 1144 486 ·
1164 484 1167 487 ·
1201 482 1204 486 ¹
1246 472 1259 498 Ατ’
1280 469 1305 514 .'³

315 524 411 566 ‘XL
439 522 595 571 Praecipi
619 526 621 528 ’
650 522 770 568 ‘-s‘,÷.·ut
783 516 1001 569 Episcopus
1012 528 1070 561 res
1083 515 1260 561 Ecclefiae
1270 521 1311 558 i'n

276 575 468 631 potestate
478 572 772 616 habeat'.⁴Nmn
785 569 812 611 fi
823 570 999 621 pretiosae
1012 570 1222 612 hominum
1232 574 1315 612 ani-

276 644 347 671 mae
367 626 547 675 fideicius
565 623 858 668 committendae
884 621 988 666 sunt:
1017 624 1146 666 multe>
1175 627 1314 675 utique

275 684 394 735 magis
412 681 636 731 oportuerit
657 680 697 721 δεῖ
715 676 763 720 de
779 680 955 727 pecuniis
986 677 1225 718 mandatum·
1244 676 1317 718 daz-2

274 750 315 778 re
323 734 411 782 ,⁵ut
427 731 535 773 illius
549 731 752 772 arbitratui
761 725 1056 780 dispensentur,
1079 731 1207 781 neque
1227 729 1311 770 n'on

274 801 365 833 cum
375 788 517 837 timore
528 786 604 826 Dei
615 781 841 834 summaque
853 781 1120 824 sollicitudine
1129 795 1197 831 per
1211 779 1313 823 Pres-

272 841 432 892 bytero's
447 852 493 878 ac
504 839 710 879 Diaconos
729 848 942 887 erogentur
953 837 997 876 in
1015 845 1215 885 pauperes.
1224 836 1313 875 Per-

279 897 400 943 cipiat
423 903 554 931 autem
582 891 623 930 ἃ
643 886 753 938 ipse(
775 887 802 928 si
828 887 951 929 modo
986 888 1136 939 indiget
1154 889 1172 936 )
1188 896 1317 939 quattu

278 945 365 987 tum
382 943 432 986 ad
451 939 682 984 necessarios
703 938 792 981 suos
810 943 850 982 ὃς
872 938 1042 989 hospitio
1058 945 1313 989 exceptorum

277 996 442 1040 fratrum
461 991 548 1035 usus
569 1007 669 1043 opus
686 991 804 1035 habet
818 1019 833 1042 ,
864 1008 913 1034 ne
929 992 1145 1046 quomodo
1155 991 1232 1040 ipse
1243 992 1314 1048 po*

275 1051 433 1093 steriore
450 1046 542 1089 loco
561 1046 781 1094 habeatur,
809 1046 930 1098 quam
949 1049 1080 1087 caeteri
1093 1074 1104 1084 .
1141 1044 1315 1086 Ordinae‘

274 1108 331 1145 vi‘t
350 1103 456 1144 enim
474 1100 541 1142 lex
560 1101 665 1148 Dei,
679 1113 724 1140 ut
742 1102 810 1150 qui
828 1099 948 1139 altari
980 1095 1222 1145 inserviunt,
1258 1097 1312 1139 des

275 1157 398 1200 altari
427 1151 844 1203 nutriantur5quando
863 1166 936 1193 nec
962 1150 1107 1192 milites
1137 1163 1311 1202 unquam

275 1209 350 1253 suis
366 1209 545 1247 annonis
565 1204 738 1247 hostibus
752 1219 862 1246 arma
882 1202 1074 1245 inserant.

331 1260 438 1305 XLI.
465 1256 704 1309 Episcopus,
731 1271 801 1299 aut
822 1256 1052 1308 Presbyter,
1080 1269 1150 1298 aut
1162 1257 1311 1299 Diaco-

281 1323 382 1360 nus,
411 1315 480 1370 qui
503 1310 564 1353 vel
584 1312 678 1352 aleae
692 1335 707 1358 ,
734 1310 797 1351 vel
815 1308 1072 1352 ebrietatibus
1090 1308 1270 1362 indulget
1292 1333 1308 1356 ,

278 1367 340 1409 vel
364 1365 557 1412 delinito,
584 1362 648 1405 vel
669 1363 906 1413 deponitor.
989 1394 994 1397 .
1155 1381 1157 1386 ¹
1256 1374 1258 1377 ’
1312 1382 1315 1391 =

294 1450 296 1453 s
336 1418 455 1463 XLII.
482 1416 783 1465 Subdiaconus,
811 1428 881 1461 aut
899 1415 1087 1463 Cantor,
1123 1427 1194 1457 aut
1227 1415 1305 1456 Le-

275 1472 391 1518 ἂοῐ,
419 1472 490 1524 qui
509 1468 725 1513 consimilia
743 1467 839 1510 facit
854 1495 869 1515 ,
904 1468 967 1509 vel
989 1467 1178 1513 definito,
1207 1468 1269 1508 vel
1287 1466 1310 1508 a

273 1525 559 1567 commuuione
576 1521 798 1572 sejungitur.
827 1520 1016 1564 Similiter
1035 1524 1076 1562 δε
1093 1522 1184 1562 laici
1195 1549 1204 1559 .

328 1576 469 1621 me.
497 1572 734 1624 Episcopus,
759 1587 830 1615 aut
850 1573 1057 1624 Presbyter
1075 1599 1091 1621 ,
1119 1587 1188 1614 ant
1213 1574 1308 1614 Dia-

274 1642 400 1670 conus
418 1630 488 1679 qui
512 1625 640 1668 usuras
655 1627 864 1668 amutuum
880 1625 1158 1675 accipientibus
1167 1628 1308 1675 exigit,

275 1680 340 1723 vel
349 1678 536 1727 definito,
566 1678 626 1720 vel
646 1678 880 1727 deponitor.
915 1697 918 1701 ’

293 1752 296 1757 ·
329 1732 475 1777 XLIV.
490 1729 642 1793 'Episco
670 1746 742 1780 us,
766 1744 841 1791 'aut
859 1729 1090 1783 Presbyter,
1116 1742 1187 1771 aut
1215 1730 1311 1772 Dia-

276 1800 402 1828 conus
426 1798 499 1836 qui
523 1798 616 1825 cum
670 1797 834 1825 aereticis
859 1796 991 1832 preces
1016 1786 1266 1832 conjunxerit
1292 1806 1309 1830 ,

276 1841 475 1880 duntaxat
497 1835 520 1877 a
538 1838 820 1880 communione
838 1833 1085 1884 suspenditor
1101 1864 1113 1875 .
1147 1837 1189 1877 Si
1215 1834 1310 1875 vcro

276 1895 398 1934 etiam
421 1886 518 1939 ipsos
536 1902 730 1940 tanquam
747 1888 927 1932 Clericos
947 1887 1219 1940 aliquidagere
1229 1900 1312 1942 per-

272 1942 419 1989 miserit
434 1969 448 1989 ,
481 1943 712 1991 deponitor.
1019 1972 1022 1974 .

330 1998 453 2041 XLV.
493 1993 757 2045 Episcopum,
794 2009 863 2036 aut
892 1994 1167 2045 Presbyterum
1186 2019 1202 2042 ,
1242 1994 1311 2047 qui

274 2048 779 2097 liaereticoruxnbaptisma,
807 2062 877 2089 aut
899 2044 1128 2088 sacrificium
1148 2044 1313 2096 suscepe-

276 2107 328 2144 rit
342 2128 354 2148 ‚
381 2103 525 2149 deponi
539 2105 787 2150 praecipimus.
816 2102 915 2153 Qiae
934 2101 1311 2142 etenimconventio

278 2159 382 2198 iuter
400 2154 598 2198 Christum
620 2157 660 2195 δι’
676 2152 824 2203 Belial,
853 2167 923 2195 aut
944 2166 1027 2207 quae
1043 2152 1244 2205 particula
1270 2149 1315 2193 fi·

277 2208 374 2251 delis
398 2222 486 2248 cum
508 2205 679 2248 infideli!
1150 2225 1151 2229 ¹
1234 2216 1237 2218 ’

329 2261 471 2303 XLVI.
503 2257 746 2309 Episcopus,
775 2274 845 2302 aut
875 2259 1082 2312 Presbyter
1108 2285 1124 2309 ,
1152 2258 1179 2300 fi
1207 2272 1313 2305 eum,

282 2317 350 2365 qui
368 2325 499 2355 verum
530 2314 579 2355 ba
608 2312 719 2355 tisma
747 2314 891 2355 habeat
909 2339 924 2361 ,
961 2317 1103 2354 iterum
1144 2312 1315 2362 baptiza.-

280 2368 401 2414 verit,
430 2378 499 2406 aut
521 2378 574 2414 po
593 2365 718 2407 lutum
737 2366 786 2407 ab
807 2369 932 2415 impiis
943 2379 1026 2405 non
1038 2365 1314 2414 baptizaverit,

284 2420 525 2467 deponitor,
554 2432 597 2458 ut
626 2422 693 2469 qui
714 2434 866 2460 crucem
895 2421 934 2459 &
962 2431 1128 2459 mortem
1149 2419 1314 2459 Domini

283 2471 458 2513 derideat
477 2496 493 2518 ,
522 2484 651 2522 neque
681 2470 873 2511 discernat
904 2485 1014 2511 veros
1038 2470 1266 2512 Sacerdotes
1293 2472 1315 2510 a

284 2523 431 2566 Sacerd
441 2521 567 2563 oribus
586 2523 861 2571 impostoribus
872 2550 883 2562 .

336 2576 497 2617 XLVII.
525 2577 566 2616 Si
594 2578 682 2627 quis
711 2576 830 2616 laicus
850 2601 865 2623 ,
893 2576 983 2616 cum
1004 2572 1109 2616 suam
1126 2574 1148 2615 εὶ
1165 2572 1201 2615 se
1218 2587 1316 2614 uxo-

282 2643 363 2671 rem
378 2628 537 2676 abjicit,
566 2627 733 2669 alteram
750 2630 921 2675 duxerit,
950 2642 1019 2669 aut
1034 2629 1084 2670 ab
1096 2628 1178 2669 alio
1189 2624 1316 2672 dimis-

283 2679 387 2728 sam,
416 2681 438 2722 a
456 2681 741 2722 communione
772 2679 1012 2732 segregator.

337 2734 517 2776 XLVIII.
546 2737 585 2776 Si
614 2737 700 2785 quis
731 2736 941 2784 Episcopus
958 2759 973 2781 ,
1001 2749 1069 2776 aut
1089 2733 1314 2784 Presbyter,

282 2785 491 2828 secundum
517 2787 812 2828 ordinationem
834 2787 1000 2828 Domini
1026 2802 1109 2829 non
1145 2788 1316 2834 baptiza-

282 2842 379 2880 verit
400 2843 438 2879 in
460 2838 620 2881 Patrem
637 2842 677 2880 &
694 2839 833 2881 Filium
856 2842 895 2880 &
916 2842 1102 2889 Spiritum
1116 2839 1314 2886 sandium,

285 2889 349 2933 sed
376 2896 412 2933 in
436 2905 512 2933 tres
528 2895 719 2943 principio
746 2905 926 2935 carentes
945 2918 961 2941 ,
990 2907 1057 2934 aut
1076 2907 1155 2934 tres
1182 2888 1314 2939 filios,

285 2958 355 2985 aut
387 2946 716 2994 trespaiacletos,
750 2947 985 2995 deponitor.

340 2999 478 3039 XLIX.
507 3001 547 3040 Si
575 3002 659 3050 quis
672 2996 908 3049 Episcopus,
937 2998 1245 3048 autPresbyter,
1274 2999 1315 3039 in

288 3063 367 3089 una
384 3053 608 3092 initiatione
619 3067 701 3092 non
713 3066 786 3092 tres
798 3050 1058 3092 immersiones
1069 3077 1082 3098 ,
1112 3049 1174 3091 sed
1196 3064 1316 3090 unam

288 3101 504 3151 duntaxat,
530 3117 617 3155 quae
636 3107 677 3145 in
689 3118 858 3145 mortem
872 3106 1037 3146 Domini
1047 3105 1183 3150 detur,
1213 3116 1316 3151 perc-

290 3166 414 3202 gerits
442 3155 675 3203 deponitor.
704 3159 801 3197 Non
831 3173 934 3198 enim
955 3158 1055 3198 dixit
1077 3158 1274 3197 Dominus
1300 3180 1316 3202 ,

290 3207 336 3244 In
356 3219 522 3246 mortem
541 3222 667 3249 meam
695 3209 913 3258 baptizate:
942 3208 1027 3256 sed,
1055 3206 1220 3258 proferiti
1246 3208 1317 3248 do-

290 3269 531 3316 cete'omnes
548 3262 964 3310 gentes,baptizantes
991 3277 1058 3302 eos
1085 3265 1126 3302 in
1155 3263 1316 3302 nomine

292 3311 509 3369 Patris,·&
527 3311 635 3370 Filii-,2
665 3317 703 3353 &
726 3316 889 3363 Spiritus
919 3314 1062 3356 sancti.

340 3360 394 3420 ·L‹
417 3363 457 3402 Si
486 3375 571 3412 quis
590 3364 798 3415 Episcopus
817 3393 832 3416 ,
873 3383 940 3409 aut
968 3367 1174 3418 Presbyter
1194 3391 1210 3414 ,
1247 3378 1318 3406 aut

291 3414 528 3473 Diaconuss
557 3429 624 3456 aut
657 3421 781 3468 quivis
809 3424 975 3461 omnino
1003 3421 1049 3461 de
1071 3418 1317 3462 Sacerdotali

292 3462 521 3525 consortio,
550 3471 716 3516 nuptiis,
744 3473 1002 3530 &carnibub
1032 3475 1072 3514 &
1090 3476 1186 3512 vino
1207 3471 1319 3513 absti-

292 3529 421 3578 nucsslt
434 3537 450 3565 a·
479 3533 561 3558 ⁰0¹1
573 3527 985 3574 proptereaquomens
1003 3526 1054 3568 ad
1071 3524 1222 3565 cultum
1244 3527 1321 3574 pie-

294 3583 384 3630 tatis
404 3570 585 3611 reddatur
606 3576 883 3624 exercitatior,
911 3576 972 3619 sed
996 3590 1157 3627 propter
1167 3577 1318 3618 abomi-

295 3635 521 3687 nationem,
550 3623 694 3663 Oblitus
705 3637 735 3672 ,‘
749 3628 856 3677 quod
867 3634 1000 3670 omnia
1013 3629 1175 3679 pulchra
1184 3630 1316 3678 valde,

295 3676 334 3715 δι
358 3676 466 3726 quod
489 3673 699 3720 masculum
717 3680 752 3721 δε
786 3676 986 3727 foeminam
1031 3685 1141 3727 Deus
1171 3687 1317 3734 creavit

1347 2843 1418 2883 -vel
1441 2842 1586 2898 Judaei,
1613 2839 1676 2881 vel
1701 2840 1851 2888 Graeci,
1878 2840 1942 2881 vel
1960 2839 2275 2889 haereticmegaw

725 243 1063 327 Notitiae}
1089 234 1617 334 Ecdlesiasticae
1649 237 1887 322 saeculi
1933 242 2006 323 1..

1354 357 1579 406 hominem,
1617 354 1681 398 sed
1707 351 2044 399 diffamationibus
2075 352 2260 399 lacessens
2282 367 2390 397 crea-

1355 415 1506 453 tionem
1533 412 1613 453 Dei
1639 412 1771 452 vocat
1801 409 1853 451 ad
1872 410 2139 457 calumniam,
2166 422 2236 450 aut
2253 408 2390 450 ‘coi-rii

1356 469 1501 516 gitor,
1516 458 1840 514 aur-Reponitor,
1868 465 1976 506 &ex
2002 458 2178 505 Ecclesia
2195 463 2389 518 rejicitur-2

1359 515 1634 559 Consimiliter
1650 518 1775 558 laicus
1793 543 1804 555 .
2076 556 2097 561 ,,
2264 518 2273 522 ”
2285 517 2367 552 “’·“’·ἶ
2384 518 2389 525 ’

1392 570 1468 611 ·L1.
1496 571 1535 611 Si
1555 573 1643 622 q'uis
1663 567 1898 619 Episcopus,
1925 581 1997 610 aut
2015 567 2227 620 Presbyter
2251 579 2343 607 eum
2369 588 2388 612 ,

1354 626 1424 673 qui
1446 622 1911 674 apeccato·revertitur,
1938 634 2026 662 non
2044 624 2207 671 recipit,
2235 616 2299 661 sed
2309 620 2391 668 reji-

1353 679 1433 723 cit,
1460 675 1697 725 deponitor,
1724 674 1774 716 εό
1797 673 1915 726 quod·
1929 671 2132 717 Christum
2157 669 2346 723 offendat·
2374 696 2390 715 ι

1354 731 1425 779 qui
1443 730 1573 774 dixit,
1590 729 1644 770 ob
1664 733 1788 769 unum
1809 735 2061 777 peccatorem
2081 717 2396 787 qui-resipiscata

1354 783 1539 832 gaudium
1561 782 1717 823 oboriri
1734 784 1776 822 in
1797 779 1922 822 eoelo.
2283 783 2286 787 ’
2330 780 2397 806 mi«-

1409 836 1494 877 LII.
1521 838 1563 877 Si
1581 837 1668 888 quis
1693 830 1933 883 Episcopus,
1961 842 2030 871 aut
2047 829 2258 882 Presbyter
2270 827 2393 882 ,wint

1355 889 1562 929 Diaconus
1576 912 1589 933 ‚
1614 887 1799 929 carnibus
1814 888 1856 927 &
1874 888 1971 927 'vino
1990 880 2129 927 festivis
2147 882 2282 926 diebus
2305 896 2395 924 non

1340 949 1515 987 utatur,
1542 941 1749 1001 idqueper
1769 938 2110 980 abominationem
2125 962 2142 985 ,
2188 941 2287 977 non'
2302 949 2396 986 pro-

1353 1007 1442 1044 pter
1457 996 1782 1036 exercitationem
1803 992 1856 1034 ad
1874 991 2027 1032 cultu‘m
2039 1012 2041 1014 -
2054 991 2210 1038 pietatis
2221 996 2259 1042 ,j
2271 988 2397 1041 depo-

1353 1049 1487 1094 nitor,
1515 1058 1709 1099 tanquam
1745 1047 1815 1097 qui
1852 1043 2029 1086 cauterio
2059 1055 2243 1083 notatam
2266 1033 2397 1082 babet

1352 1098 1661 1156 conscientiam,
1690 1096 2027 1140 &multisssaucitor
2039 1091 2345 1137 fitoffendicuii.
2376 1099 2383 1121 >⁷

1395 1153 1506 1206 LIII.
1531 1153 1571 1193 Si
1589 1155 1680 1205 quis·
1692 1151 1874 1196 Clericus
1885 1152 1931 1191 ‘in
1958 1153 2147 1198 caupona
2171 1146 2397 1188 cibant-eii·-¹

1351 1209 1442 1255 pere
1458 1203 1720 1254 deprehen-sus
1739 1201 1882 1252 fuerit,
1910 1200 1934 1244 a
1959 1203 2246 1251 communione
2261 1199 2398 1242 exclu-

1349 1258 1477 1300 ditor.-
1503 1270 1669 1308 excepto
1687 1270 1917 1306 tamense,
1945 1256 2016 1306 qui
2034 1249 2248 1295 necessario
2265 1255 2317 1293 in
2332 1253 2398 1297 iti-

1351 1317 1444 1353 nere
1462 1313 1503 1351 in
1520 1321 1733 1353 commune
1749 1309 1906 1356 divertit
1929 1304 2143 1356 hospitium
2154 1335 2166 1346 .
2184 1353 2185 1357 ¹
2391 1327 2398 1332 .

1402 1365 1508 1407 LIV·
1535 1366 1576 1406 Si
1597 1368 1685 1417 quis
1699 1363 1883 1406 Clericus
1903 1354 2396 1410 Episcopumcontumelia
2450 1378 2453 1406 «ἱ

1350 1414 1550 1466 affecerit,
1579 1418 1818 1468 deponitor.-
1846 1415 2015 1463 Principi
2035 1414 2142 1454 enirn
2157 1409 2398 1462 popusitus

1351 1482 1435 1511 non
1456 1471 1664 1512 maledices
1672 1476 1689 1510 ⁴.
1755 1516 1757 1518 ,
1967 1489 1972 1494 ·
2026 1474 2031 1477 ’
2297 1480 2305 1490 ’

1400 1522 1488 1564 LV.
1515 1526 1555 1565 Si
1566 1527 1653 1576 quis
1664 1521 1840 1566 Clericus
1848 1517 2093 1570 contumelia
2103 1513 2278 1559 affecerit
2292 1513 2399 1557 Pres-

1348 1575 1556 1627 byterum,
1584 1584 1656 1618 aut
1676 1577 1961 1622 Diaconum,
1975 1568 2009 1613 ὲ·
2025 1565 2398 1613 communione&-

1349 1641 1535 1679 gregator
1546 1658 1556 1668 .
1705 1644 1724 1656 κ

1404 1681 1511 1722 LVI.
1537 1683 1579 1723 Si
1599 1680 2118 1734 quisClericusmancum,
2137 1688 2208 1718 aut
2219 1679 2404 1723 'ibitumj

1351 1729 1573 1781 surdumve,
1600 1747 1671 1774 aut
1691 1738 1959 1780 coecum,'aut
1978 1744 2067 1773 eum
2082 1725 2330 1772 'cuifvitiosus
2353 1726 2405 1768 im

1351 1782 1469 1827 cessus
1491 1785 1569 1833 est,
1608 1783 1930 1832 subsannaverit,
1963 1781 2252 1825 communione·
2262 1775 2403 1832 'priva--
2422 1823 2425 1829 ¹

1352 1851 1419 1879 tor
1434 1867 1443 1878 .
1472 1837 1744 1880 Consimiliter
1764 1839 1805 1878 δι
1826 1837 1976 1878 laicus.
2247 1841 2250 1843 ’
2362 1839 2367 1844 “

1405 1892 1529 1938 LVII.
1558 1892 1800 1940 Episcopus,
1828 1902 1901 1931 aut
1922 1887 2157 1938 Presbyter,
2185 1887 2257 1936 qui
2278 1881 2403 1936 aegii-

1352 1941 1505 1996 gentitis
1524 1946 1630 1984 circa
1649 1942 1815 1985 Clerum
1837 1942 1900 1981 vel
1915 1939 2235 1989 'populumagit,
2263 1947 2398 1988 neque

1353 2000 1397 2038 in·
1415 1999 1560 2046 pietate
1574 2008 1644 2036 eos
1658 1993 1784 2034 erudit
1795 2017 1810 2040 ,
1824 1994 1846 2032 a
1866 1993 2148 2032 communione
2166 1985 2404 2041 segregator.

1353 2051 1396 2092 Si
1417 2046 1511 2091 vero
1542 2050 1584 2089 in
1609 2061 1656 2089 ea
1694 2043 1874 2089 socordia
1895 2041 2207 2097 perseveraverit
2224 2065 2242 2090 ,
2280 2040 2404 2092 'depo-
2445 2050 2447 2054 ’

1354 2116 1484 2144 nitor.
2265 2120 2273 2127 .
2400 2120 2403 2125 -

1405 2155 1548 2198 LVIII.
1576 2155 1619 2197 Si
1650 2154 1739 2204 quis
1765 2149 1975 2203 Episcopus
1993 2174 2011 2199 ,
2047 2158 2120 2200 aut·
2149 2145 2358 2199 Presbyter
2385 2170 2407 2196 ,

1353 2208 1519 2252 Clerico
1538 2222 1587 2249 cx
1607 2209 1742 2255 inopia
1768 2205 1970 2247 laboranti
1988 2199 2199 2251 necessaria
2219 2194 2406 2294 none?—

1355 2261 1609 2310 peditaverit,
1638 2258 1962 2300 &communione
1973 2257 2023 2304 rei
2033 2258 2169 2307 ieitor:
2196 2248 2253 2294 fin
2272 2265 2321 2305 pe
2357 2267 2399 2293 e-

1355 2327 1489 2362 verat,
1515 2313 1755 2367 deponitor,
1784 2324 1829 2352 ut
1847 2312 1920 2364 qui
1950 2307 2114 2353 fratrem
2141 2306 2257 2365 sutrin
2275 2315 2406 2347 uena·-

1358 2380 1456 2408 verit
1472 2375 1496 2405 .·
1761 2387 1764 2390 -
2020 2379 2026 2386 f
2398 2387 2401 2389 >

1409 2420 1510 2460 LIX.
1520 2420 1560 2460 Si
1579 2421 1666 2471 quis
1682 2415 1785 2459 falso
1799 2414 2009 2466 inscriptos
2034 2415 2253 2465 impiorum
2270 2408 2408 2472 lffiroq

1356 2485 1548 2523 tanquam
1571 2470 1699 2514 sacros
1725 2473 1765 2512 in
1787 2467 1960 2512 Ecclesia
1987 2467 2038 2509 ad
2064 2464 2204 2518 populi
2226 2466 2269 2507 δε
2287 2461 2406 2518 Clerx

1355 2528 1653 2573 corruptionem
1674 2522 1934 2573 publicaverit
1945 2546 1962 2570 ,
1978 2520 2207 2570 -deponitor
2219 2545 2231 2558 .

1407 2579 1492 2620 Lx.
1519 2581 1562 2620 Si
1582 2573 1785 2619 accusatio
1811 2578 1957 2618 conti-a
1982 2570 2138 2615 fidelem
2169 2570 2402 2613 instituatur

1355 2631 1402 2673 de
1422 2628 1712 2677 fornicatione,
1738 2641 1809 2670 aut
1829 2626 2141 2674 adulterio,aut'
2154 2632 2402 2682 quacunque

1355 2684 1435 2725 alia
1452 2683 1608 2725 afflone
1625 2681 1851 2733 prohibita,
1880 2683 1920 2723 &
1937 2678 2145 2720 convietus
2173 2675 2291 2719 fuerit
2299 2684 2330 2725 '5-
2344 2686 2407 2714 un

1356 2738 1519 2778 Clerum
1543 2751 1627 2776 non
1648 2734 1893 2784 perducitor.
2022 2782 2026 2788 ⁶
2191 2747 2209 2754 ·’
2366 2759 2369 2761 >
2406 2783 2408 2785 Ι

1408 2791 1511 2832 LXI.
1539 2790 1582 2828 Si
1610 2791 1698 2838 quis
1724 2787 1903 2829 Clericus
1921 2781 2405 2839 permetumhmmum,

2277 2844 2353 2873 erl!
2382 2854 2404 2879 9

1359 2893 1388 2935 si
1416 2895 1576 2947 quidem
1595 2906 1739 2935 nomen
1751 2892 1924 2940 Christi,
1947 2886 2187 2939 abfsscclefia
2199 2885 2410 2945 feiioitot,

1358 2946 1384 2987 fi
1408 2950 1500 2991 vero
1523 2960 1671 2988 nomen
1692 2946 1860 2993 Clerici,
1888 2945 2124 2995 deponitor:
2153 2947 2400 2992 poenitentia

1358 3013 1498 3042 tamen
1524 2999 1686 3044 duetus,
1714 3011 1757 3039 ut
1777 2999 1898 3039 laicus
1921 2999 2127 3047 recipitor-
2330 3013 2342 3024 κ
2358 3043 2361 3045 ‚
2379 3003 2402 3032 2⁴

1413 3054 1534 3097 LXII.
1562 3054 1702 3103 Siquis
1714 3049 1930 3100 Episcopus
1948 3076 1963 3099 ,
1993 3060 2061 3088 aut
2073 3043 2284 3096 Presbyter
2317 3053 2409 3101 ..aut

1358 3109 1591 3153 Diaconus,
1619 3117 1689 3145 aut
1713 3107 1880 3144 omnino
1901 3105 2129 3156 quicunque
2151 3110 2201 3140 ex
2237 3142 2258 3158 -.
2337 3094 2410 3155 dot-

1359 3161 1431 3200 tali
1449 3156 1653 3199 consortio
1674 3157 1888 3198 comederit
1907 3167 2045 3196 carnes
2067 3157 2109 3194 in
2121 3144 2408 3201 sanguineam*

1359 3227 1428 3254 mae
1444 3215 1544 3258 ejus,
1572 3208 2045 3259 autabestiisabreptum',
2073 3218 2142 3246 aut
2153 3197 2412 3262 suffocatum,

1358 3266 1594 3314 deponitor:
1622 3261 1699 3303 hoc
1719 3265 1824 3302 enim
1853 3261 1917 3307 lex
1945 3256 2169 3314 prohibuit.
2205 3254 2289 3308 Sin·
2311 3249 2408 3292 verb

1359 3317 1481 3357 laicus
1498 3313 1638 3362 fuerit,
1668 3315 1690 3354 a
1708 3314 1998 3353 communione
2012 3307 2282 3350 excluditor-
2314 3355 2318 3360 .
2391 3356 2397 3359 .

1412 3369 1550 3410 LXIII.
1580 3370 1619 3408 Si
1638 3368 1726 3417 quis
1745 3367 1969 3414 Clericus,
1990 3373 2068 3402 *aut
2087 3360 2212 3400 laicus
2228 3383 2244 3406 ,
2282 3359 2409 3410 Syna-

1360 3435 1502 3473 gogam
1514 3419 1735 3476 Judaeorum
1764 3443 1778 3464 ,
1815 3429 1885 3457 aut
1912 3415 2194 3455 ‘naereticorum
2229 3419 2407 3452 convetu

1361 3474 1528 3515 ticulum
1552 3468 1732 3523 ingressus
1751 3469 1863 3511 suerit
1876 3494 1891 3517 ,
1921 3481 1964 3509 ut
1975 3481 2103 3517 preces
2119 3463 2294 3505 cumillis
2307 3472 2408 3502 con-

1360 3531 1520 3577 jungat,
1549 3525 1779 3574 deponitor,
1797 3522 1869 3563 &a
1883 3521 2170 3561 communione
2180 3513 2408 3575 secluditot.

1414 3580 1557 3620 LXIV.
1584 3580 1625 3618 Si
1644 3579 1729 3627 quis
1755 3575 1935 3619 Clericus
1955 3566 2406 3614 iii-concertationeali-

1359 3645 1477 3684 quem
1498 3627 1735 3679 pulsaverit,
1774 3630 1814 3667 δε
1836 3639 1918 3666 uno
1940 3627 2020 3667 ictu
2042 3639 2088 3665 ac
2106 3618 2329 3673 pulsatione
2347 3622 2406 3659 in·

1362 3695 1575 3732 teremerit,
1603 3682 1815 3732 deponitor
1826 3690 1987 3731 propter
2007 3678 2271 3720 temeritatem
2281 3669 2404 3768 guam,

2314 3739 2354 3766 in
