2430 3958
134 313 140 316 ·
169 309 209 347 7-
225 292 335 391 {id
346 294 510 337 ulterius
521 301 728 336 memorem
738 291 1006 335 admirandum
1015 288 1127 330 illum

121 349 265 392 Metho
294 353 372 390 ium
394 355 407 386 ?
491 363 578 389 uem
596 345 773 397 perversae
787 342 922 386 haeresi
942 340 1129 393 refragan-

120 413 201 444 tem
224 412 457 447 mcmoeatus
476 404 487 441 i
506 400 543 442 le
566 398 806 447 Theophilus
825 397 1032 438 innumeris
1047 405 1129 433 cru-

79 479 81 481 ·
117 453 282 495 ciatibus
301 449 430 493 affecit
455 470 465 492 :
498 455 598 493 inter
614 465 714 503 quos
733 466 757 491 a
777 452 930 490 Zonara
944 446 1128 486 violenta

115 505 298 547 dentium
313 504 363 546 ab
373 502 457 554 ipsis
475 503 664 545 radicibus
678 501 820 545 evulsio
829 500 1063 542 recensetur.
1091 493 1127 535 A

118 569 202 610 quo
217 559 337 599 etiam
356 559 397 607 in
416 556 584 600 Insulam
602 556 826 603 deportatus
846 550 915 594 fuit
936 566 949 595 5
974 549 1127 591 ibidem-

112 621 196 702 ?ue
211 611 253 650 in
270 607 444 657 sepulcro
459 622 548 650 cum
565 607 715 648 duobus
725 600 942 646 latronibus
959 598 1126 642 inclusus

135 661 188 702 ub
206 659 399 709 cujusdam
425 657 622 709 piscatoris
637 656 808 700 custodia
827 680 842 702 9
879 657 942 695 cui
962 654 1126 694 vetitum

115 720 228 761 erat,
255 727 304 753 ne
326 711 409 762 plus
428 715 534 760 panis
553 714 593 752 &
609 723 720 761 aquae
746 703 897 748 inciufis
916 699 1127 754 suppeditas

118 777 179 807 ret
190 789 207 812 3
234 777 355 816 quam
379 762 522 805 necesse
539 761 639 803 foret
657 763 706 801 ad
721 759 798 798 hoc
810 783 825 806 ³
853 771 902 797 ne
922 755 1050 797 inedia
1063 753 1125 795 vel

121 815 182 857 fiti
203 828 463 857 morerentur.
489 816 672 866 Contigit
683 821 801 857 vero,
828 822 871 849 ut
891 807 988 849 alter
1005 807 1127 847 latro·

124 881 218 908 num
240 869 428 908 interierit
446 893 461 915 a
488 865 754 916 cujuscadaver
764 860 867 902 foras
883 857 1127 908 educiprohi-

118 918 204 960 buit
221 921 455 969 Imperator.
483 920 683 972 Qantam
693 925 824 955 autem
847 913 1073 953 violentiam
1086 913 1126 950 δε

118 970 335 1012 molestiam
351 973 408 1011 vir
420 969 571 1012 sanetus
589 981 636 1010 ex
647 967 848 1010 teterrimo
855 964 1051 1006 cadaveris
1063 960 1128 1003 foe-

118 1036 208 1065 tore
227 1023 406 1065 tolerarit
425 1048 441 1070 a
477 1021 586 1064 nulla
608 1016 726 1068 potest
745 1019 874 1057 oratio
890 1019 1100 1065 exprimere
1117 1042 1128 1053 .

119 1077 373 1124 Septennium
394 1074 460 1114 ille
472 1076 575 1113 intra
584 1070 928 1119 tumulumexegit.
959 1067 1128 1108 Postmo-

117 1127 210 1168 dum
220 1124 489 1168 consentiente
498 1122 724 1172 Theophila
739 1125 844 1162 intra
864 1122 1009 1171 regium
1026 1118 1130 1170 pala.

117 1181 216 1220 tium
237 1178 393 1219 occulte
401 1175 479 1216 fine
494 1174 718 1225 cujusquam
727 1168 874 1214 accessu
889 1172 1067 1213 detentus
1074 1170 1127 1212 est

117 1228 284 1272 inclusus
301 1246 311 1268 =
348 1225 449 1268 solus
466 1226 578 1268 illum
595 1226 729 1266 adibat
748 1226 963 1272 Imperator
979 1228 1055 1269 eius
1074 1220 1127 1266 sa-

106 1279 348 1332 wpientiffimis
359 1278 574 1320 delcetatus
582 1277 794 1328 colloquiis
805 1306 814 1315 .
826 1278 988 1317 Mortuo
1000 1276 1127 1317 Theo-

107 1332 252 1383 philo,
280 1331 372 1372 dum
387 1329 602 1372 Theodora
619 1328 791 1379 Augusta
802 1330 1006 1376 Imperium
1026 1341 1128 1378 rege-

116 1385 210 1433 bat,
239 1381 435 1432 respiravit
451 1379 871 1423 OrientalisEeclesia:
899 1380 1127 1422 &adniten-

107 1449 156 1478 ·te
174 1434 443 1487 religiosissima
471 1433 667 1485 Augusta,
721 1447 895 1480 oannes,
925 1446 1041 1483 quem
1062 1430 1127 1472 sua

114 1484 475 1536 haerefis&perverfi
484 1500 611 1527 mores
626 1486 677 1526 ad
718 1484 990 1526 atriarchalem
1008 1485 1127 1535 digni-

113 1553 240 1582 tatem
260 1551 496 1585 evexerant,
523 1538 711 1589 dignitate
720 1551 851 1578 motus
870 1539 909 1577 δι
925 1541 965 1577 in
987 1538 1127 1577 Mona-

113 1592 265 1634 sterium
276 1591 326 1632 ad
334 1592 609 1641 poenitentiam
621 1590 837 1640 relegatus,
864 1587 1017 1639 ejusque
1026 1592 1065 1628 in
1078 1586 1128 1628 se.

119 1644 207 1686 dem
223 1654 428 1693 promotus
444 1640 516 1682 fuit
532 1641 773 1682 venerandus
781 1641 1030 1688 Methodius,
1058 1643 1127 1691 qui

102 1712 107 1718 ’
115 1696 380 1748 quadriennio
390 1692 616 1734 sanctissime
625 1696 723 1734 rexit
731 1695 906 1734 Orientis
919 1690 1102 1734 Ecclefias
1111 1716 1126 1739 3

103 1748 262 1799 vsuoque
285 1744 388 1786 felici
405 1745 517 1785 obitu
536 1770 551 1792 a
587 1745 796 1786 accedente
813 1744 1032 1787 Theodorae
1058 1744 1127 1784 stu-

113 1800 182 1841 dio
206 1796 453 1840 successorem
465 1798 601 1837 naritus
613 1795 666 1836 est
687 1800 875 1837 virtutum
893 1799 1044 1836 eximiis
1053 1811 1127 1836 me-

112 1854 193 1892 ritis
212 1864 343 1900 parem
369 1849 437 1890 fibi
461 1849 726 1890 admirabilem
754 1850 946 1898 Ignatium
966 1873 981 1895 2
1017 1862 1127 1888 anno

103 1905 203 1953 847.
220 1901 427 1943 Michaelis
445 1900 700 1950 Curopalatae
708 1903 854 1950 pietate
870 1898 1052 1951 pacisque
1070 1914 1128 1939 ar.-

111 1954 214 1995 tibus
223 1953 395 2002 praeclari
404 1975 420 1999 ς
449 1953 543 1992 olim
551 1954 798 2000 Imperatoris
809 1977 824 1998 a
841 1950 903 1992 sed
914 1951 967 1992 ob
977 1951 1127 1992 cladem

110 2020 138 2047 a
153 2005 330 2056 Bulgari‘s
351 2016 553 2051 acceptam
565 2003 726 2052 depositi
742 2001 863 2042 filium
873 2032 884 2041 .

167 2061 204 2099 8.
232 2055 374 2098 Annus
391 2070 416 2095 a
436 2054 554 2096 Cristi
581 2068 673 2096 ortu
692 2056 901 2106 712·AErae
913 2067 1044 2096 autem
1061 2057 1129 2096 Hi.

101 2109 274 2160 spanic‘ae
290 2120 378 2160 750.
399 2110 629 2158 Hegiraeque
651 2105 828 2149 Arabicae
851 2120 915 2153 91.
931 2105 1127 2157 Hispaniae

110 2160 277 2204 funestus
286 2159 447 2203 accidit·
473 2160 684 2200 Rudericus
701 2161 911 2209 profligato
930 2156 1002 2199 suis
1010 2162 1127 2199 armis

100 2217 151 2257 &
168 2223 367 2255 excaecato
395 2209 521 2254 Vitisa
545 2209 808 2260 Hispanorum
829 2211 930 2261 Rege
958 2211 1128 2252 moribus

112 2264 359 2316 perditissimo
377 2289 394 2312 ς
430 2277 591 2314 regnum
617 2263 696 2310 ejus
718 2262 769 2302 ad
795 2258 831 2301 se
851 2262 1098 2302 transtulerat
1117 2292 1126 2301 .

109 2321 187 2360 Hic
205 2321 246 2358 in
265 2316 444 2357 libidines
457 2313 593 2356 effusus
609 2315 756 2362 Juliani·
775 2314 944 2354 Comitis
954 2315 1014 2354 vel
1035 2329 1128 2354 uxo-

107 2383 216 2417 rem,
243 2368 305 2408 vel
323 2381 367 2408 ut
385 2366 454 2407 alii
471 2367 641 2415 produnt
658 2390 675 2412 2
703 2364 822 2405 filiam
839 2366 1125 2414 constupravit.

109 2422 158 2462 In
187 2420 296 2467 hujus
320 2418 510 2459 ultionem
533 2421 678 2466 injuriae
705 2417 884 2471 Julianus
909 2416 1125 2459 Saracenos

106 2474 212 2514 clam
229 2485 279 2511 ex
299 2468 431 2511 Africa
451 2473 491 2510 in
511 2468 613 2510 suam
635 2472 801 2517 patriam
816 2471 958 2510 excivit
980 2496 990 2514 ,
1019 2469 1124 2509 suam

111 2528 167 2567 eis
174 2537 332 2573 operam
341 2547 357 2570 ³
385 2522 616 2572 ubicumque
626 2518 830 2562 offerretur
839 2519 990 2561 occasio
999 2547 1014 2569 a
1042 2522 1126 2570 poL

108 2577 264 2617 licitus.
290 2575 353 2616 Illi
370 2571 585 2614 transmisso
600 2572 702 2614 freto
724 2573 954 2621 Gaditano,
983 2573 1123 2623 primis-

105 2642 185 2680 que
195 2626 349 2669 arcibus
359 2628 400 2666 &
415 2626 565 2675 oppidis
573 2627 789 2674 occupatis,
798 2624 958 2666 ulterius
971 2639 1035 2674 per
1046 2629 1123 2666 vim

110 2680 406 2730 provehuntur,
434 2676 640 2728 occisoque
653 2680 693 2717 in
711 2680 794 2718 acic
811 2677 1001 2719 Ruderico
1020 2692 1043 2717 a
1055 2677 1123 2719 suis

102 2731 255 2774 deserto
273 2727 488 2771 universam
498 2727 723 2778 Hispaniam
743 2730 958 2777 invadunt„
987 2743 1122 2778 praeter

107 2784 220 2826 illum
241 2785 456 2834 Pyr-cneum
473 2782 662 2829 tractum,
690 2784 758 2834 qui
779 2784 993 2822 Provinciis
1015 2781 1123 2822 Astu.

100 2840 167 2879 tiae
186 2834 493 2884 Cantabriaeque
509 2837 754 2875 continetur.
781 2835 842 2875 Eo
853 2847 1023 2885 namque
1040 2835 1123 2875 Go-

100 2888 264 2929 thorum
289 2884 558 2936 confugientes
589 2887 757 2937 reliquiae
780 2885 1001 2927 ulteriorem
1029 2888 1118 2927 Bat-

102 2940 285 2980 barorum
297 2936 560 2980 excursionem
571 2940 684 2980 armis
693 2935 789 2985 suis,
815 2940 855 2979 &
878 2939 1029 2987 rupium
1039 2953 1119 2978 mu-

106 2991 320 3032 nitionibus
340 3002 597 3031 coercuerunt
620 2989 782 3040 Pelagio
803 2991 896 3032 duce
915 3006 926 3028 z
960 2993 1027 3040 qui
1046 2994 1117 3038 pri-

104 3057 190 3084 mus
211 3041 455 3084 celeberrimo
473 3042 660 3082 conflitstu
689 3042 801 3082 vietis
819 3043 966 3083 Mauris
982 3038 1118 3094 Legio.

50 3143 53 3148 s
103 3107 155 3136 ne
174 3107 331 3144 regnum
347 3094 523 3134 condidit
543 3119 558 3140 ‚
598 3107 646 3133 ex
669 3106 751 3144 quo
770 3094 906 3142 posteri
926 3094 1116 3144 gradatim

103 3144 308 3197 progressi,
334 3146 497 3195 plurain
511 3144 703 3193 Hispaniis
727 3157 845 3197 regna
862 3144 1007 3186 infideli
1028 3160 1119 3197 gen-

104 3213 145 3241 te
165 3198 272 3239 vista
292 3199 332 3237 &
346 3196 500 3247 depulsa
516 3197 780 3239 constituunt.

154 3264 191 3297 9.-
218 3249 305 3290 Nec
332 3262 423 3290 vero
440 3252 624 3292 Saraceni
649 3248 685 3290 se
715 3253 893 3301 Pyreneis
916 3250 1116 3291 montibus

22 3335 25 3349 .
65 3318 67 3322 ⁴
101 3303 410 3348 continuerunt,
435 3304 475 3341 in
489 3301 641 3343 Gallias
653 3304 755 3342 enim
765 3300 868 3343 effusi
879 3301 965 3343 illas
982 3314 1117 3352 tyran-

105 3358 202 3396 nicae
211 3353 490 3412 dominationis
498 3358 586 3405 jugo
596 3352 830 3402 subjecissent
838 3378 853 3402 2
867 3352 934 3394 nisi
946 3356 1021 3394 Dei
1030 3368 1116 3404 pro-

100 3408 280 3448 videntia
293 3406 431 3463 pipino
454 3404 563 3460 huius
583 3410 751 3448 nominis
764 3405 933 3448 secundo
942 3409 1114 3457 genitum

101 3457 300 3500 Carolum
317 3455 630 3505 illisoppoiuisset
641 3461 851 3499 innumeris
874 3458 1045 3499 victoriis
1058 3463 1113 3498 in-

102 3510 255 3562 clytum
277 3508 432 3568 ducem.
456 3510 530 3548 Hic
541 3511 680 3558 Pipino
697 3523 806 3559 patre
818 3509 927 3551 rebus
938 3509 1114 3551 humanis

103 3573 285 3614 exempto
306 3583 325 3609 2
351 3574 392 3602 in
411 3558 623 3602 custodiam
643 3562 695 3603 ab
717 3576 889 3604 noverca
908 3561 1115 3604 Plectrude

1165 294 1387 340 conjeCQu„
1414 291 1581 342 indeque
1599 287 1787 340 dilapsus,
1815 286 2080 341 Raginfridui'n
2098 279 2176 328 92¹2·

1165 343 1251 384 latii
1266 345 1372 397 Regii
1380 343 1628 392 praefectum,
1656 354 1867 394 quemaetas
1887 343 1955 382 illa
1984 338 2175 387 Maiorem

1163 395 1299 436 domus
1314 396 1510 443 vocabat,
1539 392 1711 436 lacessere
1729 392 1860 440 ausus,
1890 397 2015 441 primo
2028 392 2101 432 illo
2114 404 2174 441 ty.

1165 450 1317 488 rocinio
1335 449 1459 489 vietus
1475 447 1549 491 ests
1578 444 1638 487 sed
1647 444 1817 489 Carolus
1838 446 1943 496 quasi
1963 458 2085 485 novus
2094 442 2176 484 An-

1164 512 1255 539 taeus
1277 501 1298 541 ὲ
1313 499 1402 553 casu
1416 498 1554 540 fortior
1573 495 1731 539 surrexit
1749 523 1765 546 2
1792 495 1995 547 hostesque
2010 495 2180 540 victoria

1162 550 1400 599 praefidentes
1414 554 1454 592 &
1466 554 1592 591 minus
1604 556 1742 591 cautos
1761 549 1918 590 adortus
1936 561 2078 598 magna
2085 546 2178 587 stra-

1162 616 1209 653 ge
1234 604 1433 646 concidit:
1462 599 1659 653 novasque
1683 602 1930 644 accumulans
1959 600 2175 644 victoriast-

1163 657 1364 704 Saxones,
1391 654 1884 702 Alemannosfflajoarios,
1911 653 2109 699 Noricos,
2134 650 2176 690 &

1163 709 1325 750 Eudone
1342 707 1478 758 fuga’to
1506 705 1732 757 Aquitanos
1760 707 2000 755 profligavit.
2028 704 2175 749 Eudo3

1165 773 1207 799 ut
1225 759 1325 801 fama
1345 760 1397 800 est
1410 786 1425 808 ³
1456 757 1567 799 rebus
1593 757 1665 800 suis
1682 757 1810 799 accisis
1836 754 2044 805 praestdium
2064 756 2176 806 Many,-

1165 825 1293 851 rorum
1304 812 1522 861 implorat,
1538 808 1678 861 eosque
1690 811 1728 849 in
1740 808 1913 850 Galliam
1922 819 2085 853 evocat,
2106 808 2176 857 qui

1166 863 1306 903 Galliae
1341 863 1539 912 potiundae
1566 860 1629 910 spe
1663 861 1819 902 adducti
1836 886 1852 908 ³
1887 858 2100 901 concitum
2126 870 2176 899 ex

1165 913 1296 955 Africa
1311 918 1350 956 δε
1368 913 1553 964 Hispania
1569 911 1858 961 copiofiffimum
1868 914 2079 953 exercitum
2095 907 2176 950 Aba

1164 967 1321 1008 deramo
1336 968 1431 1008 duee
1448 969 1487 1006 in
1506 965 1679 1007 Galliam
1687 962 1891 1005 effundunt
1900 983 1913 1010 ‚-
1939 975 2175 1014 quacunque

1164 1021 1464 1070 progrediuntur
1483 1043 1498 1065 3
1527 1015 1761 1067 promiscuus
1777 1014 1886 1057 furor
1905 1014 2006 1057 ferro
2026 1017 2064 1054 &
2084 1016 2178 1063 igni*

1164 1071 1236 1111 bus
1246 1069 1430 1122 grassatur
1449 1073 1604 1119 impune
1616 1095 1630 1116 3
1659 1070 1906 1110 Occitaniam
1919 1067 2091 1113 vastant,
2120 1079 2179 1105 ure

1166 1121 1417 1174 besquecitra
1437 1125 1475 1162 &
1489 1121 1589 1161 ultra
1611 1121 1846 1162 Rhodanum
1860 1118 1943 1160 sitas
1962 1119 2175 1162 invadunt5

1167 1175 1421 1224 Aquitaniam
1439 1176 1526 1214 cum
1538 1173 1754 1223 Burdegala
1775 1171 1950 1212 hostilem
1967 1170 2175 1212 inmodum

1167 1227 1349 1278 dirrpiunt
1368 1245 1378 1265 ε
1407 1240 1490 1277 quae
1515 1227 1626 1265 causa
1645 1225 1717 1265 suit
1745 1225 1900 1266 Eudoni
1917 1248 1932 1271 2
1959 1221 2175 1268 sociorum,

1166 1282 1499 1330 quosexciverat,
1527 1276 1724 1326 perfidiam
1740 1289 1927 1324 experto,
1954 1272 2178 1323 confugien-

1165 1334 1202 1371 di
1220 1332 1269 1372 ad
1287 1332 1502 1378 Carolum,
1530 1334 1570 1370 δε
1588 1342 1755 1381 quantas
1773 1326 1957 1378 colligere
1975 1330 2102 1374 potuit
2125 1329 2177 1364 vi·

1166 1398 1247 1431 res,
1275 1383 1438 1424 adillius
1467 1384 1678 1422 exercitum
1694 1379 1976 1430 conjungendi.
2005 1374 2178 1426 Progres-

1165 1434 1210 1476 fis
1228 1434 1445 1486 ingentibus
1462 1434 1721 1475 Barbarorum
1733 1433 1783 1472 ad
1799 1432 1965 1481 Ligerim
1983 1427 2099 1478 usque
2109 1443 2173 1467 co-

1165 1491 1264 1536 piis,
1293 1486 1462 1528 Carolus
1488 1499 1607 1535 prope
1634 1488 1812 1525 Turones
1841 1485 2010 1523 occurrit
2027 1505 2042 1526 3
2078 1479 2173 1519 dato

1162 1553 1300 1590 pugnae
1314 1537 1441 1589 figno3
1468 1537 1604 1584 Eudo,
1634 1550 1677 1576 ut
1705 1549 1786 1576 erat
1812 1534 2066 1576 constitutum
2083 1556 2098 1578 ῃ
2127 1545 2175 1571 ex

1164 1590 1374 1641 improviso
1406 1589 1528 1630 castra
1564 1588 1728 1629 hostium
1762 1588 1919 1627 adortus
1935 1586 1988 1625 est
2004 1609 2020 1631 ,
2053 1586 2179 1625 Caro-

1166 1644 1227 1683 lus
1252 1643 1330 1683 alia
1356 1655 1404 1683 ex
1433 1654 1542 1690 parte
1568 1639 1737 1681 fulmim's
1767 1639 1883 1679 instar
1911 1642 1951 1677 in
1976 1633 2176 1676 confertos

1165 1699 1447 1736 Saracenorum
1456 1708 1600 1735 cuneos
1619 1692 1804 1739 advolat,
1833 1689 1879 1729 &
1903 1688 2179 1740 quidquidob-

1165 1752 1267 1788 vium
1289 1750 1481 1793 occurrit,
1512 1747 1810 1796 magnoimpetu
1829 1744 1989 1789 disjicit3
2020 1742 2182 1782 horren..

1165 1800 1292 1849 daque
1309 1799 1412 1839 edita
1431 1798 1575 1849 strage,
1605 1796 1770 1836 hostium
1799 1795 1952 1834 ordines
1969 1792 2180 1833 disturbat.

1166 1851 1408 1892 Abderamus
1435 1847 1630 1890 fortissime
1666 1849 1851 1887 dimicans
1887 1849 1986 1886 inter
2021 1842 2180 1884 suorum

1166 1916 1326 1943 acervos
1350 1903 1560 1943 occiditur.
1589 1899 1698 1942 Caesa
1717 1898 1804 1939 sunt
1821 1913 1869 1938 eo
1890 1899 1952 1938 die
1970 1898 2019 1937 ad
2032 1910 2181 1937 trecen⁴¹

1166 1968 1208 1996 ta
1231 1953 1472 2006 septuaginta
1500 1957 1674 2005 quinque
1703 1951 1866 1991 hostium
1887 1950 2036 1997 millia·J
2071 1962 2114 1989 ut
2140 1947 2180 1988 fi-

1166 2008 1252 2048 dem
1272 2008 1364 2049 facit
1383 2010 1422 2047 in
1445 2007 1639 2057 Gregorio
1659 2007 1707 2046 II·
1725 2001 1915 2043 Pontifice
1941 2000 2181 2042 Anastasius.

1165 2062 1226 2102 Ex
1242 2061 1399 2101 Francis
1425 2059 1699 2099 tantummodo
1730 2055 1835 2096 mille
1863 2057 2067 2107 quingenti
2084 2057 2188 2094 ceci-⁴

1165 2113 1306 2153 derunt
1323 2126 1388 2151 an.
1403 2124 1492 2161 727.
1507 2112 1733 2162 Eodemque
1744 2108 2001 2159 Burgundiam
2023 2110 2063 2148 δε
2078 2107 2178 2156 Lug.

1165 2165 1313 2205 dunum
1331 2163 1500 2205 Carolus
1522 2166 1664 2212 recepit
1690 2166 1729 2202 in
1748 2159 1979 2209 potestatem
1995 2178 2020 2203 ,.·
2054 2174 2179 2199 anno-

1166 2228 1242 2267 que
1261 2214 1437 2267 sequenti
1468 2216 1629 2256 Eudone
1655 2218 1736 2255 vita
1757 2212 1894 2253 functo
1919 2212 2178 2262 Aquitaniam

1165 2266 1277 2317 pulfis
1300 2271 1500 2309 Saracenis
1525 2267 1658 2308 invasit
1678 2295 1691 2305 .
1725 2268 1811 2307 Nec
1835 2278 1966 2304 tamen
1984 2264 2043 2303 his
2061 2265 2182 2304 vieto-

1166 2323 1230 2359 riis
1256 2317 1406 2368 prorsus
1421 2319 1656 2359 debellatum
1668 2319 1720 2359 est
1742 2336 1755 2356 :
1780 2319 1992 2359 Saracenos
2003 2318 2106 2356 enim
2125 2316 2177 2357 ad

1164 2370 1420 2410 ulciscendam
1440 2369 1592 2409 suorum
1604 2372 1762 2419 stragem
1782 2368 1954 2407 Galliam
1972 2371 2109 2408 iterum
2123 2372 2181 2408 in.

1165 2425 1271 2473 genti
1296 2436 1456 2462 numero
1466 2422 1605 2462 delevit
1623 2437 1686 2461 an.
1696 2432 1784 2471 731.
1805 2422 1845 2459 ὅ(
1865 2420 2109 2461 Avenioneni
2127 2421 2178 2461 ab

1164 2476 1239 2515 illis
1258 2477 1509 2521 interceptam
1521 2478 1664 2521 recepit
1677 2503 1688 2512 .
1716 2472 1946 2513 Narbonem
1957 2477 2073 2512 etiam
2086 2486 2176 2513 cum

1164 2530 1274 2567 omni
1295 2529 1490 2566 Occitana
1508 2528 1738 2574 provincia,
1767 2537 1884 2575 quam
1894 2526 2176 2566 Saracenicum

1162 2579 1378 2626 Hispania,
1412 2579 1475 2617 cui
1506 2580 1708 2625 provincia
1742 2576 1810 2615 illa
1836 2578 2056 2624 jampridem
2083 2592 2178 2618 con..

1162 2631 1307 2672 tributa
1328 2642 1435 2676 erat,
1464 2630 1737 2679 occupabant,
1765 2625 1831 2668 sub
1851 2630 2089 2669 Francorum
2107 2630 2176 2670 do·-

1162 2685 1415 2728 minationem
1439 2681 1590 2723 reduxit
1611 2707 1626 2729 a
1655 2682 1925 2721 internecione
1941 2679 2038 2720 caesis
2060 2706 2075 2727 a
2104 2685 2175 2731 qui

1160 2736 1208 2775 ad
1228 2748 1341 2783 opem
1369 2731 1566 2775 ferendam
1584 2731 1712 2782 saepius
1729 2746 2005 2779 occurrerant,
2034 2733 2173 2773 Barba-

1160 2801 1290 2828 rorum
1305 2799 1427 2834 copiis
1438 2811 1449 2822 ·

1217 2852 1276 2880 10.
1305 2838 1457 2878 Tantus
1478 2837 1646 2885 denique
1671 2847 1797 2876 terror
1814 2838 1853 2876 &
1873 2837 2077 2877 veneratio
2097 2839 2174 2877 Ca.

1159 2891 1234 2933 roli
1255 2890 1430 2931 Martelli
1456 2900 1675 2929 exterarum
1699 2891 1816 2927 etiam
1842 2891 2015 2937 gentium
2034 2890 2172 2930 animis

1157 2942 1369 2986 insederat,
1399 2953 1608 2990 [irrogatus
1618 2952 1641 2978 a
1655 2939 1850 2990 Gregorio
1862 2941 2042 2987 PapaIII.
2053 2955 2170 2992 quein

1159 2994 1419 3043 Luitprandus
1432 2990 1782 3042 Longobardorum
1791 2991 1873 3031 Rex
1884 3006 1962 3031 acri
1973 2992 2078 3033 bello
2089 3008 2174 3043 pre-

1157 3047 1314 3094 mebat,
1342 3043 1432 3086 solis‘
1445 3045 1495 3085 ad
1511 3047 1523 3084 i
1552 3041 1630 3082 sum
1649 3043 1757 3084 missis
1778 3043 1894 3083 literis
1911 3045 2171 3094 Luitprandus

1157 3099 1376 3140 absterritus
1393 3122 1409 3145 ς,
1437 3103 1515 3148 qua
1533 3108 1688 3144 cunque
1717 3108 1977 3142 occupaverat
1996 3097 2170 3138 Ecclefiae

1157 3152 1327 3192 terras&
1343 3162 1460 3198 opes,
1487 3148 1563 3187 sine
1585 3162 1695 3186 mora
1708 3146 1928 3187 restituerit.
1959 3150 2167 3200 Postquam

1158 3201 1256 3242 visus
1274 3201 1324 3242 est
1349 3201 1518 3251 Carolus
1535 3200 1740 3241 Martellus
1758 3199 1916 3239 humani
1936 3198 2069 3252 fastigii
2087 3202 2169 3242 cul-

1157 3270 1245 3295 men
1263 3251 1447 3293 excessisse
1465 3277 1480 3300 ³
1516 3254 1597 3291 vita
1621 3252 1773 3292 demum
1802 3251 1954 3291 exceffit
1977 3267 2041 3292 an.
2067 3255 2169 3297 Chr.¹

1157 3320 1246 3358 741.
1263 3318 1431 3356 quatuor
1447 3303 1658 3353 superstites
1673 3306 1894 3353 relinquens
1910 3303 2036 3352 filios,
2066 3309 2166 3348 Car.

1158 3360 1388 3399 lomannum
1404 3382 1421 3405 2
1455 3359 1517 3397 cui
1556 3354 1788 3396 Austrafiam
1824 3353 1886 3396 seu
1924 3359 2165 3399 orientalem

1157 3412 1383 3453 Francianu
1410 3411 1584 3457 Pipinum
1600 3433 1615 3455 ³
1651 3411 1714 3448 cui
1734 3408 1951 3448 Neustriam
1970 3407 2030 3450 seu
2050 3414 2166 3451 Occi-

1157 3463 1271 3503 duam
1291 3463 1489 3502 Franciam
1511 3485 1527 3507 ³
1554 3458 1662 3511 quasi
1679 3459 1957 3504 haereditariam
1984 3462 2165 3512 reliquit3

1159 3513 1364 3565 AEgidium
1374 3516 1490 3554 etiam
1500 3537 1514 3559 a
1542 3525 1656 3560 quern
1666 3509 1778 3553 sacris
1794 3512 1990 3553 addietum
2001 3515 2049 3553 ad
2060 3514 2166 3553 Rho-

1157 3563 1389 3618 tomagenfis
1421 3562 1700 3657 EpiscopatusY
1704 3562 1848 3605 Insulas
1876 3577 2123 3657 prongcivgrat
2150 3577 2164 3610 5

1480 3636 1483 3638 μ
1753 3627 1772 3666 3
2072 3629 2116 3656 ri-
