2430 3958
406 0 426 12 ἱ
794 12 799 16 x
823 0 875 21 §xxv

350 243 455 313 54

686 203 1018 303 Notitiae
1070 205 1596 306 Ecclesiasticae
1654 181 1892 301 saeculi
1946 207 2092 287 ΙΙΙ.

273 327 372 375 iuffit
407 357 418 368 .
444 322 610 369 Illustres
633 321 683 362 de
709 320 909 370 barbaris,
937 323 1090 374 Imperii
1106 324 1335 372 provincias.
1370 321 1512 364 lectica
1531 320 1685 363 vehitur
1706 345 1723 369 5
1751 319 1891 366 insidiis
1907 320 2160 375 Apri-perfidi
2178 321 2299 377 soceri
2314 320 2430 383 ,suijw

272 375 570 435 incursantibus
581 400 597 423 5
610 377 611 380 ’
626 376 811 415 victorias
830 379 1046 423 reportavit
1056 404 1066 415 .
1093 373 1254 428 Ipseque
1263 376 1326 419 de-

268 436 379 482 mum
396 430 499 481 peste
521 428 754 468 contractus
772 452 788 474 5
817 425 954 468 orbem
974 426 1246 471 ‘indesinenter
1263 428 1325 471 de-

274 481 474 529 vastante,
498 479 704 522 occubuit.
732 482 925 530 Tuncque
943 478 1203 522 Aurelianum
1218 495 1323 533 exet-7

274 539 375 581 citus
405 538 686 582 Imperatorem
714 530 1012 581 proclamarunt
1035 558 1049 582 5
1088 531 1111 574 ὲ
1130 546 1212 585 quo
1233 547 1321 583 pro-

273 601 414 642 rogata
428 584 491 626 ‘est
512 587 553 625 in
580 584 832 627 Christianos
851 584 1067 629 indesinens
1085 610 1101 634 5
1120 622 1122 625 ,
1140 599 1262 637 atque
1279 588 1319 631 in

274 641 354 685 dies
374 636 531 680 ‘saeviens
548 635 757 688 persecutio
769 666 780 678 .
805 636 885 680 Sub
902 636 980 678 hoc
999 641 1227 689 martyrium
1238 636 1322 689 pas-

275 691 304 734 fi
320 690 428 735 Felix
447 693 553 740 Papa
575 687 756 739 Dionysii
773 686 971 738 successor„
997 690 1322 742 Symphorianus,

278 738 473 787 Restitu'ta
501 745 653 793 Virgo,
688 739 870 793 Synefius
899 743 1027 784 lector
1044 768 1059 791 5
1088 741 1323 785 Athenodo-

276 798 339 839 t'us
348 797 530 848 Gregorii
538 795 823 845 Thaumaturgi
830 801 1052 845 germanus„
1062 797 1214 838 Mamas
1221 795 1324 846 apud

279 848 496 893 Caesaream
516 846 801 896 Cappadocum
832 845 980 897 scriptis
1003 847 1131 889 Basilii
1152 848 1320 890 celebra-

281 903 343 945 tus
361 930 372 941 .
398 897 480 949 Ipse
498 899 652 940 demum
681 898 918 945 Aurelianus
935 925 950 948 5
979 903 1047 951 qui
1069 914 1151 941 tam
1167 901 1316 942 multos

278 958 510 998 innocentes
528 965 738 995 necaverat
760 976 776 1000 5
803 965 964 995 necatus
991 952 1043 994 est
1068 954 1232 995 Mnestei
1260 956 1316 994 in.

277 1004 400 1053 fidiis'a‘
430 1005 918 1054 antevertentismortem‚
949 1018 1066 1057 quam
1084 1004 1317 1055 ipsimetfue-

280 1072 342 1099 rat
372 1059 644 1098 interminatus
675 1055 913 1101 Aurelianu-s
933 1083 944 1094 -
970 1057 1193 1100 Romanam
1227 1061 1318 1100 civi·

280 1109 408 1167 tatem'
430 1109 478 1151 fic
502 1107 742 1152 Aurelianus
771 1111 974 1162 ampliavit
995 1136 1011 1158 5
1050 1125 1093 1152 ut
1118 1125 1317 1152 murorum

278 1161 445 1207 ambitus
471 1163 488 1210 ,(
501 1159 527 1201 fi
548 1160 721 1211 Vopisco
739 1161 919 1204 habenda
936 1161 981 1204 fit
993 1161 1116 1211 fides)
1140 1165 1192 1206 ad
1210 1168 1322 1216 quin.

278 1217 472 1268 quaginta
491 1213 677 1262 milliaria
694 1215 901 1264 perduetus
923 1213 988 1256 fit.
1017 1213 1320 1260 Aurelianosuc·

276 1265 395 1319 ceffor
417 1265 528 1311 datus
547 1267 608 1308 est.
630 1269 791 1308 Tacitus
813 1292 828 1316 ‚
863 1270 933 1319 qui
950 1269 1000 1309 ad
1027 1271 1208 1311 Tacitum
1225 1283 1318 1320 rprae-

276 1320 444 1374 stantem
467 1318 693 1361 historicum
714 1318 817 1363 suam
847 1317 1034 1371 referebat
1062 1324 1286 1373 progeniem
1303 1342 1318 1370 ,-

274 1368 371 1423 Quo
390 1370 487 1416 febri
514 1370 750 1422 consumpto
769 1399 784 1418 ‚
813 1372 965 1415 Probus
982 1375 1188 1422 Imperium
1219 1373 1317 1418 sum-

276 1424 349 1478 psit
369 1453 382 1466 Α.
400 1424 488 1465 ,Πὶέ
500 1427 631 1474 paucis
653 1427 767 1467 annis
784 1440 841 1466 res
860 1428 1047 1465 maximas
1066 1425 1174 1476 bello
1189 1426 1316 1478 geffit5

278 1479 504 1520 Germanos
521 1475 697 1518 universa
717 1491 765 1518 ex
776 1476 934 1525 Gallia,
964 1491 1083 1529 quam
1102 1492 1316 1527 occupave-

280 1543 368 1573 rant
387 1554 402 1577 5
422 1533 559 1581 >exegit
578 1547 593 1576 ‚-
621 1531 819 1572 Sarmatas
846 1544 894 1570 ex
911 1529 1072 1581 Illyrico
1090 1556 1104 1578 5
1135 1529 1315 1572 Gotthos

275 1596 326 1623 ex
347 1581 516 1639 Thracia
536 1581 755 1623 debellatos
783 1581 925 1634 repulit
945 1599 957 1622 .·
983 1581 1193 1627 Blemmios
1211 1582 1317 1625 subc*

275 1636 335 1689 git
349 1659 363 1681 5
392 1647 588 1685 tyrannos
607 1635 827 1684 profligavit
838 1649 851 1679 5
880 1633 1048 1674 Parthos
1067 1636 1108 1677 δε
1129 1633 1256 1677 Persas
1268 1635 1316 1676 ad

273 1699 409 1738 pacem
440 1684 565 1729 secum
602 1685 916 1734 componendam
952 1686 1082 1738 adegit
1106 1715 1116 1728 .
1152 1686 1316 1730 Ecclesia

277 1738 424 1780 Christi
450 1735 517 1779 sub
542 1738 619 1779 hoc
651 1737 856 1788 Principe,
886 1753 971 1779 non
1000 1737 1128 1779 minus
1146 1763 1161 1787 5
1191 1740 1314 1791 quam

273 1794 436 1834 nomine
459 1791 584 1839 probo
602 1816 618 1838 5
646 1794 877 1833 continuam
892 1805 1028 1842 pacem
1048 1791 1207 1832 habuit.

329 1857 390 1893 25.
419 1843 542 1884 Anno
571 1842 716 1885 Christi
750 1856 836 1893 270.
878 1842 1011 1894 Probo
1041 1842 1243 1892 imperium
1262 1858 1316 1896 te-

275 1911 395 1938 nente
414 1898 581 1944 Manes,
610 1901 679 1947 qui
704 1897 744 1935 &
763 1894 1004 1938 Manichaeus
1024 1921 1038 1943 5
1068 1911 1180 1937 novae
1200 1894 1318 1939 haere-

274 1948 320 1991 fis
330 1952 433 1991 virus
457 1946 620 1996 effudit,
649 1948 809 1998 lateque
827 1950 865 1989 in
877 1951 1096 1990 animarum
1107 1953 1315 1997 perniciem

274 2006 508 2055 propagavit
527 2031 536 2042 .
565 2004 660 2043 Duo
695 2014 818 2043 rerum
848 2003 1038 2048 principia
1056 2026 1070 2048 5
1109 2015 1236 2053 eaque
1265 2003 1315 2044 ab

277 2068 424 2097 aeterno
443 2055 646 2095 existentia
663 2053 798 2095 docuit
813 2082 822 2095 .
852 2057 989 2094 Unum
1009 2053 1150 2094 horum
1166 2055 1315 2101 bonum

275 2112 399 2149 totius
436 2121 582 2149 naturae
610 2105 815 2157 spiritualis
840 2131 854 2153 5
896 2108 936 2146 &
953 2108 1171 2151 animarum
1198 2111 1318 2149 ratio-

274 2161 426 2206 nalium
445 2161 689 2206 conditorem
707 2188 721 2213 5
751 2171 943 2211 novaeque
959 2156 1026 2200 sub
1046 2158 1205 2202 Christo
1222 2159 1318 2214 legis

275 2231 451 2260 autorem
473 2236 483 2258 ε
525 2217 692 2260 alterum
720 2216 814 2260 vero
837 2215 927 2257 huic
964 2209 1162 2259 adversum
1182 2215 1222 2261 δέ
1239 2233 1317 2262 ma-

274 2271 665 2321 luin‚c0rp0rearum
687 2270 986 2314 substantiarum
1009 2268 1211 2323 opificem,
1226 2276 1314 2316 Mo-

274 2322 460 2365 saicarum
489 2329 793 2373 praeceptionum
826 2326 1092 2375 legislatorem
1120 2350 1135 2375 5
1163 2330 1312 2370 anima-

274 2391 359 2416 rum
378 2390 546 2424 corpora
564 2375 859 2417 informantium
878 2391 1095 2418 creatorem
1113 2408 1122 2418 .
1152 2381 1310 2423 Duasin

270 2427 428 2479 singulis
440 2427 785 2470 honiinibusinesse
804 2434 953 2472 animas
963 2431 1220 2481 praedicabat,
1240 2433 1309 2481 bo-

273 2495 364 2521 nam
384 2495 500 2522 unam
525 2481 546 2522 a
564 2485 754 2530 principio
776 2482 886 2523 bono
916 2498 1095 2524 exortam
1114 2510 1129 2532 5
1159 2486 1311 2528 intelle-

274 2532 442 2573 &tualem
461 2548 505 2574 ac
526 2535 758 2574 rationalem
777 2551 786 2572 2
814 2536 978 2577 alteram
1008 2537 1150 2577 malam
1168 2536 1190 2578 a
1209 2539 1315 2579 malo

275 2589 470 2633 principio
488 2584 703 2634 profectam
720 2611 734 2633 5
763 2599 848 2637 quae
876 2601 1074 2635 corporeae
1102 2587 1315 2634 substantiae
1334 2611 1336 2613 >

275 2635 402 2678 forma
423 2636 466 2677 fit
487 2662 502 2685 5
531 2641 643 2689 eique
662 2641 782 2678 vitam
803 2642 1019 2688 impertiat,
1047 2654 1211 2694 quaeque
1234 2647 1315 2684 uni-

276 2689 384 2730 versa
403 2704 562 2739 peccata
580 2704 781 2739 operetur.
811 2691 1005 2733 Christum
1023 2693 1116 2733 vero
1139 2696 1310 2746 negabat

231 2743 233 2745 ’
275 2757 429 2783 carnem
452 2741 675 2792 affiimpfiffe
694 2768 709 2791 5
744 2744 833 2783 cum
860 2742 903 2784 fit
925 2759 1018 2786 caro
1046 2746 1093 2786 de
1112 2744 1148 2788 se
1168 2748 1272 2788 mala
1293 2775 1308 2798 5

276 2792 479 2846 omnisque
505 2796 599 2836 mali
616 2794 765 2837 fomes.
803 2799 899 2837 Eam
923 2800 1045 2837 etiam
1069 2798 1121 2839 ob
1154 2800 1307 2841 causam

275 2848 496 2897 Martyrum
532 2847 714 2899 reliquias
743 2849 1001 2890 execrabatur
1029 2879 1038 2889 .
1068 2853 1117 2892 Se
1143 2865 1305 2905 quoque

276 2901 512 2946 paracletum
534 2900 705 2949 jaetabat
722 2899 793 2941 este
812 2926 828 2949 5
858 2903 1046 2942 Montani
1071 2904 1252 2946 delirium
1270 2909 1310 2947 &

277 2955 541 3002 arrogantiam
556 2954 755 2994 aemulatus
771 2982 780 2992 .
808 2954 913 2995 Cum
932 2955 1086 2996 demum
1115 2971 1312 2999 veterator

280 3000 341 3042 iste
363 3004 458 3054 Regi
479 3005 674 3051 Persarum
702 3001 901 3055 pollicitus
919 3004 1008 3047 esset
1033 3006 1068 3048 se
1086 3007 1208 3050 filium
1229 3014 1308 3059 ejus

284 3057 499 3102 periculose
517 3071 771 3108 egrotantem
792 3051 970 3107 sospitem
991 3056 1079 3102 solis
1096 3059 1168 3102 suis
1186 3067 1310 3111 preci-

279 3104 348 3146 bus
376 3109 608 3149 redditurum
627 3135 642 3158 5
670 3111 890 3151 amandatis
918 3112 1057 3159 procul
1089 3114 1246 3155 medicis
1265 3115 1309 3155 fi-

279 3156 352 3197 lius
377 3157 486 3210 Regis
515 3164 612 3202 inter
634 3165 803 3203 Manetis
833 3177 972 3203 manus
999 3168 1190 3213 expiravit
1209 3197 1218 3207 .
1249 3166 1306 3209 At

280 3210 420 3248 Manes
438 3236 452 3257 -,
481 3210 569 3258 jussu
589 3214 700 3264 Regis
720 3228 836 3266 quem
852 3213 1042 3257 deluserat
1060 3242 1076 3265 5
1104 3231 1196 3260 toto
1221 3235 1307 3260 cor-

282 3272 373 3308 pore
389 3267 763 3308 excoriatusmeritas
776 3267 990 3315 imposturae
1000 3266 1071 3310 suae
1084 3272 1311 3318 mnasluit.

335 3319 395 3370 36.
426 3314 610 3355 Extincto
630 3319 758 3358 Probo
771 3317 949 3360 suffcerus
965 3321 1017 3360 est
1038 3323 1212 3365 Manlius
1232 3323 1311 3366 Au-

279 3362 393 3422 relius
415 3366 541 3405 Carus
558 3391 573 3413 5
602 3373 669 3418 qui
690 3369 830 3412 liberos
855 3378 937 3412 suos
958 3374 1242 3424 Numerianum
1272 3381 1311 3418 &

280 3415 475 3456 Carinum
493 3417 659 3459 Caesares
678 3419 766 3462 fecit
782 3452 790 3461 .
818 3426 945 3466 Carus
969 3426 1159 3468 Narbone
1178 3432 1311 3469 oriun-

280 3467 375 3524 dusg
404 3467 562 3508 devietis
580 3470 684 3528 bello
708 3473 846 3520 Persis,
876 3480 1114 3528 receptaque
1133 3480 1312 3530 Mesopo-

281 3531 403 3580 tan-iia
420 3544 434 3579 5
453 3520 550 3560 &ad
569 3523 863 3580 Ctesiphontem
875 3526 992 3579 usque
1011 3531 1219 3582 progressus
1242 3532 1313 3574 ful-

283 3584 397 3620 minis
422 3573 500 3612 iecu
523 3577 749 3621 perimitur.
776 3578 1038 3622 Numerianus
1067 3584 1159 3624 vero
1188 3585 1320 3626 debili.

282 3627 375 3663 tatis
404 3639 451 3670 ex
481 3638 607 3666 morte
634 3631 754 3676 patris
783 3629 1009 3676 nimiossetu
1039 3636 1204 3685 oculis,
1230 3637 1322 3681 dum

1370 373 1448 416 hoc
1465 373 1673 423 parricidio
1695 375 1798 414 viam
1822 372 1889 416 fibi
1915 375 1965 416 ad
1985 387 2147 426 regnum
2162 377 2316 417 munire
2341 384 2414 415 vo·

1367 426 1484 478 lentis
1499 451 1514 474 5
1543 427 1735 468 occiditur
1749 454 1760 465 .
1787 428 1891 468 Tum
1913 425 2008 469 vero
2029 427 2289 479 Diocletiano
2310 426 2412 476 Dal·

1367 492 1481 521 matae
1506 478 1707 521 Romanus
1727 480 1941 532 Imperium
1963 478 2086 522 defert
2105 498 2117 520 .-
2146 492 2229 532 quo
2261 479 2330 520 ille
2347 494 2415 522 ac-

1366 544 1484 583 cepto
1504 529 1692 580 perfidum
1714 529 1868 580 Aprum
1883 529 1948 573 'sua
1977 545 2016 575 te
2041 546 2160 573 manu
2172 532 2411 574 obtruncat'·

1363 583 1407 626 Id
1423 587 1594 635 contigit
1612 583 1831 635 Septembri
1845 590 1941 624 inen‘
1954 600 2003 634 e,
2015 599 2127 627 anno
2163 583 2412 639 Christi284·

1363 637 1593 678 decurrente
1609 665 1620 677 .
2040 659 2043 661 <
2267 649 2269 651 ’
2340 653 2342 656 ’
2390 641 2397 651 “’

1420 702 1480 740 27.
1510 689 1625 731 Nulli
1642 687 1710 730 sub
1739 689 1906 738 Imperio
1926 688 2024 730 Cari
2045 689 2232 741 leguntur
2256 689 2410 749 Marty5

1367 756 1448 784 res.-
1475 755 1518 783 at
1542 742 1659 785 multi·
1678 740 1747 785 sub
1765 743 2043 798 Numeriano,
2064 741 2200 793 quales
2220 739 2324 797 fuere
2333 740 2430 796 RQ

1366 808 1437 835 mae
1457 793 1643 836 Pontifex
1659 794 1955 846 Eutychianus,
1984 791 2259 844 Chrysanthus
2271 792 2428 839 &Dao-

1366 850 1425 888 ria
1443 850 1651 898 conjuges,
1678 850 1719 889 &
1735 850 1776 887 in
1786 847 2000 896 provinciis
2018 845 2193 898 plerique
2210 844 2430 903 afliLfUmss

1361 900 1408 940 de
1443 900 1730 948 conjiciendum
1757 900 1910 941 videtur
1936 924 1952 948 5
1981 899 2292 953 Numerianum,
2312 903 2430 951 'cmnjlj

1360 950 1553 994 Caesarem
1598 965 1728 1004 ageret
1754 977 1771 999 5
1801 950 1906 1004 hanc
1941 949 2219 1001 persecutiOnis
2248 948 2430 1005 [rotet-'4

1357 1004 1437 1047 lam
1458 1009 1462 1014 “
1480 1007 1640 1055 proprio
1682 1017 1808 1045 marte
1834 1009 1855 1052 5
1888 1002 2116 1046 inconsulto
2147 1016 2215 1055 aut
2250 962 2430 1061 diffiniti-i

1361 1057 1471 1097 lante
1482 1069 1592 1104 patre
1610 1082 1626 1106 5
1653 1053 1844 1100 suscitasse
1859 1085 1869 1096 .
1898 1056 2197 1106 Carinus'patriss
2219 1052 2280 1102 fras
2299 1051 2430 1117 rtibl

1363 1107 1547 1158 superstes
1576 1134 1591 1158 5
1619 1107 1875 1160 perversitate«
1894 1099 2048 1151 morun'i
2067 1134 2084 1158 5
2112 1108 2204 1163 odia
2230 1069 2430 1202 ottingun}

1361 1164 1403 1202 in
1434 1159 1470 1203 se
1499 1164 1719 1203 concitavit
1743 1175 1865 1213 atque
1891 1159 2123 1215 insequente
2147 1174 2256 1214 anno
2279 1171 2306 1218 ‚j
2335 1211 2339 1214 ⁵
2373 1173 2430 1219 3¹¹⁸

1362 1228 1471 1254 arma
1489 1227 1633 1257 contra
1643 1214 1943 1259 Diocletianum
1961 1226 2165 1263 moveret,
2180 1213 2204 1256 ὲ
2222 1211 2296 1269 suis
2307 1212 2412 1268 apud

1364 1269 1562 1318 Murgium
1580 1267 1766 1317 oppidum
1792 1266 1939 1314 Moefiae
1959 1266 2167 1317 proditus,
2196 1260 2423 1323 Βὶὸὲὶςῐῖξί.

1363 1321 1405 1359 ni
1424 1319 1591 1361 traditus
1606 1320 1659 1361 est
1679 1317 1871 1360 militibus
1893 1345 1909 1367 5
1937 1321 2007 1372 qui
2023 1319 2152 1360 statim
2173 1317 2286 1360 illum
2305 1329 2417 1377 peut&

1360 1385 1518 1412 metunt
1537 1400 1549 1411 .
1583 1371 1665 1423 Ipse
1681 1371 1774 1414 vero
1810 1372 2092 1414 Diocletianus
2127 1373 2238 1424 regni
2264 1367 2417 1427 siti-pri-

1361 1425 1517 1466 mordio
1545 1424 1705 1466 rusticos
1729 1427 1769 1465 in
1794 1424 1926 1466 Gallis
1955 1424 2241 1466 tumultuantes
2257 1447 2274 1471 5
2309 1425 2415 1481 quos

1359 1476 1561 1518 Bacaudas
1586 1477 1786 1518 vocabant
1802 1502 1817 1526 5
1848 1475 2076 1528 profligavit
2092 1501 2108 1527 5
2137 1472 2246 1524 misso
2269 1477 2424 1536 contra.

1359 1527 1452 1570 illos
1468 1529 1655 1571 Herculio
1682 1533 1930 1572 Maximiano
1983 1545 2070 1573 uem
2099 1524 2423 1624 Caefai·is.‹·liffiai-⁴

1362 1591 1445 1621 tate
1465 1581 1691 1626 decorarat.
1720 1581 1845 1624 Anno
1862 1582 1953 1624 dein
1983 1598 2003 1624 e
2024 1584 2113 1624 285.
2143 1581 2327 1637 eunden}
2372 1580 2413 1623 εἴ.

1360 1635 1577 1674 ximianum
1600 1639 1748 1677 creavit
1787 1631 2001 1686 Augustum
2021 1661 2037 1683 5
2075 1629 2418 1688 succrescentibus

1361 1696 1439 1734 que
1460 1683 1620 1725 diverfis
1634 1687 1692 1727 ex⁴
1703 1686 1878 1734 partibus
1896 1687 2015 1733 causis
2031 1686 2225 1729 bellorum
2242 1711 2258 1735 5
2283 1682 2414 1739 Caefj‘

1361 1749 1419 1777 res
1438 1751 1568 1777 novos
1585 1735 1677 1780 fecit
1693 1739 1971 1781 Constantium
1997 1739 2236 1789 Chlorum',
2253 1739 2281 1785 ”(
2292 1738 2412 1782 'ets-⁴·

1355 1788 1601 1843 postmodum
1620 1787 1722 1830 filius
1742 1789 2029 1833 Constantinus
2051 1793 2188 1832 divina
2202 1790 2395 1842 provideri

1360 1844 1417 1885 tia
1439 1841 1489 1884 ad
1509 1843 1662 1890 Imperii
1685 1846 1836 1896 apicem
1881 1842 2210 1893 promovebitur)
2239 1842 2398 1898 &Gal-

1359 1897 1456 1935 rium
1490 1895 1783 1936 Maximianum
1802 1921 1817 1943 5
1848 1899 1915 1947 qui
1934 1895 1984 1936 eo
2013 1895 2121 1948 quod
2142 1893 2415 1951 armentoru'

1360 1945 1578 1997 aliquando
1595 1947 1724 1995 pastor
1741 1945 1892 1993 fuisset,
1923 1945 2165 1988 Armentatii
2185 1954 2399 2001 cognome

1361 1998 1499 2039 habuit
1524 2026 1534 2038 .
1562 1999 1788 2051 Statimque
1811 1997 1852 2045 hi
1871 1998 1923 2041 ad
1946 1997 2095 2052 diversa
2114 1996 2222 2041 bella
2237 2001 2351 2042 accin

1359 2048 1604 2102 profeetique
1655 2048 1742 2093 sunt
1765 2080 1775 2092 .
1833 2049 2043 2093 Caraufius
2100 2053 2198 2103 Dux
2251 2055 2294 2093 in
2332 2048 2416 2100 Br'⁴

1360 2105 1563 2158 tannicis,
1593 2110 1691 2166 qua}
1719 2118 1983 2166 occupaverat
2001 2130 2017 2154 5
2053 2103 2189 2145 insulis
2211 2129 2227 2165 5
2269 2117 2363 2159 pote
2396 2129 2412 2162 J

1361 2159 1476 2208 armis
1503 2155 1695 2215 haerebat5
1726 2162 1942 2211 Achiiiaens
1961 2158 2192 2218 Aigyptum
2212 2155 2426 2218 ΨνΞῘθῘΞῖ

1360 2231 1482 2271 atque
1507 2232 1674 2274 uterque
1689 2224 1843 2272 Imperii
1865 2213 2071 2274 sumpssss‘,M
2096 2207 2278 2272 {Ffigma‘

1360 2269 1416 2313 ses
1449 2270 1646 2314 Persarum
1674 2275 1759 2316 Rex
1794 2276 1937 2316 limites
1965 2272 2141 2317 OIJCUUS
2174 2259 2425 2329 ’nsestabaf

1357 2325 1724 2377 Quinquegentiani
1749 2325 1812 2368 seu
1843 2326 2147 2377 Pentapolitani
2165 2328 2368 2373 Airica‘mi
2381 2346 2401 2367 u
2421 2333 2429 2348 ²

1354 2375 1551 2418 cursantes
1573 2379 1873 2429 populabantur
1892 2411 1895 2414 r
1932 2378 2081 2422 Ambos
2099 2382 2267 2424 Caesares
2282 2378 2369 2434 >affl

1355 2443 1440 2472 tate
1465 2428 1531 2471 fibi
1558 2433 1638 2472 duo
1660 2432 1821 2485 Augusti
1838 2433 2070 2483 devinxere„
2098 2434 2359 2486 antequamb'
2376 2435 2403 2476 ἶ

1355 2484 1452 2523 licas
1481 2486 1749 2532 expeditiones
1768 2489 1869 2527 inter
1887 2483 1924 2527 se
1943 2491 2188 2536 partirentur
2209 2515 2220 2523 -
2247 2487 2407 2534 Diocl-

1361 2541 1492 2577 tianus
1506 2534 1627 2578 filiam
1644 2536 1748 2579 suam
1769 2538 1984 2582 Valeriano
2007 2539 2289 2589 Armenrario,
2363 2540 2366 2542 ’
2396 2544 2401 2580 .'

1360 2591 1552 2630 ximianus
1572 2592 1778 2634 Herculius
1787 2594 2010 2644 privignam·
2023 2590 2130 2633 suam
2149 2590 2394 2645 Theodora>

1358 2641 1595 2684 Constantio
1622 2656 1788 2692 nuptum
1808 2644 1911 2685 dedit
1929 2661 1957 2693 5·
1974 2645 2183 2696 repudiatis
2209 2657 2308 2697 quas
2399 2671 2403 2673 -

1359 2706 1424 2733 tea
1470 2694 1664 2735 duxerant
1712 2695 1892 2736 uxoribus
1911 2715 1922 2736 .·
1976 2711 2099 2749 atque
2150 2700 2208 2739 ita
2236 2697 2395 2750 vHelen'
2429 2731 2430 2734 η

1356 2746 1615 2786 Constantini
1655 2761 1781 2790 mater
1813 2762 1926 2790 extra
1955 2750 2216 2792 Constantini
2242 2748 2341 2801 aedea
2387 2773 2399 2803 ι,

1353 2798 1540 2838 mandata
1568 2798 1622 2839 est
1647 2828 1657 2839 .
1713 2803 1785 2841 His
1813 2802 1980 2851 peraetis
2016 2804 2162 2853 nuptiisv
2208 2805 2384 2855 principe
2428 2838 2430 2852 2

1354 2851 1403 2891 ad
1439 2849 1603 2892 diversas
1654 2850 1818 2902 profedti
1877 2851 1964 2895 sunt
2018 2855 2284 2904 expeditiones
2316 2868 2371 2908 qu
2400 2884 2405 2889 «

1356 2902 1489 2943 multis
1533 2902 1737 2958 *exhaustis
1791 2905 1990 2947 laboribus
2041 2905 2193 2957 felicem
2247 2906 2402 2958 demu

1356 2953 1499 2996 soi-titae
1521 2956 1609 2996 sunt
1635 2960 1785 3009 exitum
1808 2988 1817 2998 .
1844 2957 2052 3000 Caraufius
2070 2961 2174 3000 enim
2194 2957 2218 3000 ὲ
2233 2957 2343 3002 socio

1354 3009 1543 3060 muloque
1568 3006 1636 3048 suo
1654 3008 1797 3051 Aledio
1815 3023 1882 3059 per
1911 3010 2065 3052 insidias
2086 3012 2286 3054 extindtus
2303 3012 2371 3056 est.
2421 3047 2422 3050 ,

1352 3074 1472 3112 atque
1491 3063 1548 3101 ita
1564 3074 1716 3110 recepta
1735 3066 1940 3104 Britannia
1959 3096 1965 3101 .
1995 3065 2383 3116 Quinquegentian»
2418 3075 2422 3108 i

1352 3113 1562 3154 Herculius
1587 3113 1834 3161 perdomuit.
1861 3115 2138 3159 Armentarius
2176 3117 2360 3159 Galerius
2392 3120 2395 3123 “
2427 3160 2429 3174 1

1352 3164 1484 3206 Persiis
1510 3165 1634 3208 vietus
1661 3168 1700 3207 &
1729 3166 1886 3219 fugatus
1922 3180 2127 3218 acceptum
2155 3169 2320 3211 dedecus
2348 3167 2390 3220 sq
2416 3187 2424 3208 ².

1356 3221 1498 3269 quenti
1522 3233 1631 3259 anno
1647 3223 1842 3267 reparavit
1857 3245 1871 3268 5
1899 3218 1982 3260 fuso
2005 3219 2203 3261 Persarum
2215 3225 2369 3266 exercit

1354 3268 1589 3321 captivisque
1610 3270 1788 3312 adductis
1808 3274 1981 3314 Narseris
1993 3274 2223 3325 conjugibus
2243 3277 2285 3316 &
2300 3275 2359 3318 lib
2368 3297 2402 3324 -ςν
2415 3276 2427 3326 T}

1355 3325 1405 3363 ris
1418 3350 1428 3361 .
1456 3322 1730 3364 Diocletianus
1748 3322 1892 3364 obsessa
1901 3338 2201 3377 expugnataque
2219 3326 2377 3371 Alexan
2394 3353 2395 3357 =
2414 3329 2427 3372 »ῑῖ

1354 3376 1460 3421 dria,
1487 3372 1781 3427 profligatisque
1797 3375 1998 3417 hostilibus
2020 3380 2144 3427 copiis
2163 3380 2362 3432 AEgyptut
2390 3373 2425 3430 ’Ξ

1354 3441 1595 3475 recuperavit
1617 3455 1626 3465 .

1404 3476 1468 3519 28.
1498 3482 1679 3520 Atrocius
1697 3478 1844 3520 bellum
1860 3483 1900 3522 &
1915 3480 2085 3530 injustius
2105 3483 2164 3524 isti
2189 3486 2370 3536 Principe
2380 3507 2394 3535 χ,
2407 3515 2418 3522 ⁴

1360 3528 1538 3572 adversus
1567 3531 1812 3574 Christianos
1830 3536 2063 3575 innocentes
2082 3538 2122 3577 &
2147 3539 2310 3578 inermes
2328 3553 2375 3579 ex
2411 3551 2413 3554 ’

1361 3586 1533 3624 citarunt
1560 3612 1569 3622 .
1598 3585 1711 3624 Enim
1743 3584 1836 3625 vero
1865 3590 1985 3628 etiam
2013 3601 2228 3640 antequam
2258 3587 2363 3632 ferali
2387 3587 2423 3618 *³*

1371 3636 1707 3688 promulgarentur
1717 3638 2405 3704 edffiaSebastianumDiocletianusg
2420 3692 2423 3702 ἓ

2203 3707 2339 3745 praeto-
2376 3705 2422 3749 ,θ
