2430 3958
330 187 612 279 Concil,
636 132 992 278 Generale
1012 186 1256 301 Luget.
1286 195 1335 272 Ι.
1361 207 1473 274 an.'
1513 226 1535 274 1
1566 228 1598 276 2
1613 225 1739 295 45.

25 283 28 348 Ι
83 302 184 346 tales
196 298 390 350 sententias
399 305 765 341 excommunicationis
776 330 790 350 ‚
808 301 887 347 five
890 302 1113 353 specialiter,

24 351 27 407 j
78 348 162 400 five
175 351 395 399 generaliter
425 352 462 387 in
475 351 613 401 aliquos
620 365 684 402 pro
698 353 836 401 futuris
846 354 961 403 culpis
975 380 989 400 ,
1014 353 1118 394 vide-

85 399 207 452 licetli
218 400 293 438 tale
301 401 391 450 quid
397 399 550 446 fecerint
559 429 573 448 ‚
598 403 658 442 vel
669 406 779 442 etiam
790 415 856 458 pro
863 405 944 452 jam
957 403 1115 452 commis-

77 449 136 499 fis
164 448 231 498 fab
257 450 334 488 bac
347 450 472 499 forma
484 477 499 499 ,
519 451 550 499 fi
573 452 621 491 de
646 452 722 491 illis
749 453 848 492 intra
878 454 956 494 tale
975 464 1115 504 tempus

86 499 226 551 minimi
229 498 483 550 satisfecerint
493 527 507 548 ,
531 502 689 551 proferre
700 500 915 555 prasumant
930 518 945 543 :
971 502 1035 548 nisi
1045 518 1113 543 mo-

86 555 133 588 ra
147 548 659 598 inexhibendasatisfai't'ione
675 581 688 599 ,
714 554 774 592 vel
787 554 891 605 culpa
901 553 966 601 seu
977 551 1114 601 offensa

77 600 291 651 praecefferit
306 628 319 648 ‚
344 600 466 650 quibus
489 603 614 641 merito
624 603 678 641 ad
699 604 950 652 injungendam
954 603 1113 651 satisfa-

82 650 232 688 monem
263 650 492 699 hujusmodi,
517 654 700 696 &taliter
719 653 946 714 prohibenda
974 653 1114 698 fimilia

34 731 35 734 ,
83 701 322 749 inducantur,
348 713 412 739 aut
442 701 522 739 alia
546 703 775 743 rationabilis
798 703 816 750 (
841 717 952 752 quam
977 702 1111 754 injpfis

78 748 268 798 sententiis
287 753 491 799 exprimant
505 754 526 800 )
545 753 657 802 causa
674 752 784 801 subsit
812 779 821 789 .
859 753 906 791 In
925 752 1112 801 Univerli-

83 810 196 837 tatem
210 800 268 838 vel
282 801 477 849 Collegium
487 803 643 850 proferri
655 804 1020 841 excommunicationis
1028 801 1059 852 s
1052 816 1112 840 en-

80 853 235 888 tentiam
255 853 399 899 penitus
436 853 655 901 probibemus
671 867 690 901 ;
724 851 884 890 volentes
907 855 1111 891 'animarum

81 898 280 950 periculum
305 903 454 956 vitare,
477 904 573 952 quod
597 902 728 951 exinde
754 900 857 952 sequi
874 903 1007 951 poffet,
1031 901 1111 940 ciim

82 963 330 999 nonnunquam
351 951 562 999 contingeret
577 979 590 1000 ,
614 954 771 991 innoxios
803 951 1000 1000 hujusmodi
1030 951 1107 1000 sen-

79 1001 196 1038 tentia
217 1003 354 1039 irretiri
369 1015 378 1040 :
414 1001 483 1050 scd
514 1005 552 1041 in
573 1002 654 1042 illos
674 1003 872 1040 dumtaxat
893 1003 941 1040 dc
954 1003 1110 1051 Collegio

79 1049 142 1086 vel
170 1048 417 1096 Univerfitate
434 1078 448 1099 ,
479 1066 569 1102 quos
589 1051 785 1102 culpabiles
808 1053 875 1098 effe
895 1051 1084 1098 constiterit
1097 1079 1108 1098 ,

54 1139 56 1142 .
76 1099 333 1149 promulgetur.
357 1103 624 1150 capuanum
641 1102 805 1142 Ecclefia
823 1129 836 1147 ‚
855 1103 1057 1141 eod.tit.in
1074 1104 1108 1140 6.

134 1150 278 1188 Dilet‘io
303 1148 381 1197 filio
407 1151 562 1189 Decano
589 1151 838 1197 Aurelianenfi
859 1178 872 1198 ‚
897 1154 936 1195 (¹5
968 1146 1074 1202 infra
1099 1181 1108 1189 .

79 1200 272 1239 Praetered
296 1198 375 1237 cum
395 1213 514 1238 omnes·
535 1201 631 1249 leges
648 1229 663 1249 ‚
701 1204 888 1251 omniaque
914 1203 1004 1249 jura
1033 1204 1109 1240 vim

77 1253 120 1285 vi
143 1249 335 1297 repellere,
372 1249 572 1299 cunHisque
588 1250 630 1298 se
652 1250 845 1299 defensare
866 1255 1107 1300 permittant;

74 1297 178 1335 licuit
207 1300 332 1347 utique
365 1297 431 1347 ipfi
451 1299 609 1338 Decano
631 1327 645 1347 ,
663 1302 697 1344 si
721 1302 917 1350 praedifft‘us
933 1303 1106 1340 Ballivus·

74 1359 155 1385 eum
177 1347 274 1384 bonis
291 1344 369 1393 suis
387 1348 583 1387 mundanis
595 1352 763 1399 injuriose
782 1350 963 1401 spoliare,
987 1353 1046 1390 vel
1062 1366 1106 1390 ea

72 1396 253 1435 violenter
275 1407 446 1445 occupare
467 1398 727 1448 praesumpserit
750 1428 764 1447 ,
803 1413 841 1440 ut
866 1401 1033 1452 superius
1059 1397 1105 1446 esi

73 1445 292 1495 expreffum,
316 1452 440 1484 contra
462 1448 562 1487 illius
583 1450 791 1490 violentiam
811 1454 1046 1503 injuriamque
1066 1451 1106 1500 se

70 1499 167 1535 tueri
189 1525 201 1536 .
243 1495 298 1534 Et
325 1500 489 1546 quoniam
510 1499 700 1539 adversds
725 1504 801 1549 ejus
822 1506 970 1541 nimiam
988 1513 1108 1552 poten-

75 1547 168 1585 tiam
184 1544 362 1594 sufficiens
385 1549 598 1596 temporalis
618 1551 786 1601 ⁴defensio
811 1552 906 1600 forta?
930 1566 994 1590 non
1017 1552 1107 1590 ade-

69 1606 133 1635 rat
155 1622 170 1643 ‚
201 1600 318 1646 potuit
350 1600 460 1634 etiam
486 1597 731 1647 spiritualiter
752 1628 766 1648 ,
785 1603 912 1650 gladio
934 1602 1107 1641 videlicet

70 1645 202 1686 utendo
222 1645 489 1695 Ecclesiastico,
514 1648 729 1699 defensare3
758 1666 802 1689 ac
828 1665 1006 1690 recurrere
1027 1663 1107 1702 pro-

64 1707 151 1747 pter
174 1696 235 1734 boc
260 1696 314 1733 ad
337 1709 442 1734 arma
468 1697 681 1747 spiritualia
698 1727 714 1749 ,
738 1714 813 1750 quae
837 1701 915 1752 sunt
943 1702 1105 1743 Eccleliae

67 1748 215 1796 propria
230 1773 241 1791 ‚
271 1747 309 1789 θ’
322 1757 388 1793 pro
409 1747 469 1795 suo
492 1752 680 1788 munimine
702 1749 774 1789 illis
795 1755 850 1790 uti
869 1766 884 1791 ,·
909 1751 1104 1801 prasertim

67 1794 148 1834 crim
175 1796 288 1834 ditius
305 1796 475 1834 Ballivus
496 1796 566 1846 posi
597 1798 701 1838 latas
724 1802 777 1838 ad
810 1815 888 1839 eum
911 1804 958 1838 ab
982 1802 1104 1839 eodem

67 1847 226 1885 Decano
251 1859 295 1884 ex
321 1847 408 1884 aliis
443 1846 558 1892 caulis
579 1854 944 1889 excommunicationis
962 1851 1103 1898 senten-

69 1897 147 1933 tias
164 1896 179 1939 (
188 1895 278 1938 sicut
293 1896 389 1933 idem
408 1897 583 1942 Decanus
596 1900 765 1947 afferuit)
793 1901 905 1948 ipsum
929 1912 1102 1950 tanquam

22 1983 24 1986 Α
64 1943 201 1984 exinde
233 1957 443 1992 prouocatus
469 1972 482 1992 ‚
525 1946 716 1994 sententiis
747 1949 826 1998 ipsis
855 1956 1062 2000 contemptis
1090 1977 1104 1998 ,

68 1994 163 2031 bonis
184 1993 365 2041 spoliaffet
387 1993 515 2042 iisdem
542 2010 551 2034 ε
590 1999 783 2047 &propter
805 2000 866 2036 hoc
887 2000 1104 2048 poslmodum

66 2043 141 2094 ipse
174 2042 347 2081 Decanus
381 2043 592 2091 sententiam
623 2047 745 2084 tulerit
782 2050 967 2086 interditii
986 2075 999 2094 ‚
1025 2061 1104 2086 tan-

65 2107 176 2144 quam
193 2092 380 2141 spirituali
399 2090 438 2142 se
465 2108 619 2132 mucrone
635 2096 836 2144 defendens
858 2109 981 2135 contra
1005 2099 1104 2136 illius

65 2145 235 2192 injuriam
260 2145 300 2187 (ς
329 2144 536 2182 violentiam
559 2171 574 2191 ‚
604 2145 675 2191 sibi
706 2147 753 2184 ab
787 2147 910 2185 eodem
932 2148 1102 2190 occasione

62 2193 320 2242 praedit'iarum
348 2195 613 2242 sententiarum
636 2197 676 2237 (ς’
698 2198 734 2233 in
765 2195 923 2245 ipsarum
956 2210 1103 2236 contem-

61 2254 166 2294 ptum
192 2244 356 2279 illatam.
386 2242 441 2280 Et
464 2243 610 2292 quidem
632 2243 712 2281 etim
731 2245 840 2282 liceat
872 2247 1015 2285 cuilibet
1042 2247 1102 2294 suo

67 2295 186 2330 vicino
222 2291 283 2329 vel
310 2295 469 2341 proximo
489 2305 554 2341 pro
591 2293 799 2341 repellenda
837 2295 945 2343 ipsius
967 2299 1102 2344 injuria

68 2341 172 2391 suum
193 2344 377 2390 impartiri
398 2342 597 2381 auxilium:
624 2343 694 2380 imo
713 2343 746 2389 fi
765 2343 878 2392 poteli
893 2371 906 2389 ,
941 2347 981 2388 (⁶5
995 2347 1102 2393 negli-

56 2395 114 2441 git
128 2419 139 2439 ,
167 2391 341 2430 videatur
357 2394 584 2440 injuriantem
594 2393 722 2440 fovere
735 2420 747 2439 ,
773 2407 817 2430 ac
840 2394 905 2441 effe
915 2399 1100 2442 particeps

64 2445 143 2490 ejus
174 2441 283 2489 culpae
303 2467 317 2488 ‚
357 2442 459 2480 licuit
530 2442 658 2491 rosceto
689 2442 753 2492 ipsi
787 2444 934 2482 Decano
961 2448 1100 2493 proprio

60 2491 411 2540 fibimetjubvem're
426 2491 493 2540 sub
507 2493 606 2539 idio,
629 2496 668 2536 t&
678 2493 858 2579 suammet
873 2494 1100 2543 temporalem

61 2545 235 2591 injuriam
255 2540 322 2590 sua
342 2545 490 2591 propria
518 2541 705 2593 spirituai
738 2541 932 2590 defensione
968 2547 1060 2581 tueri
1085 2558 1094 2583 ε

61 2591 175 2641 sicque
200 2604 384 2640 utrumque
432 2591 666 2631 uodammodo
683 2592 850 2640 gladium
872 2620 883 2638 ,
912 2594 1097 2641 &tempo-

57 2644 197 2688 ratem,
225 2644 264 2686 ὅ
285 2606 588 2688 Ecclelilasiicum,
616 2643 769 2681 alterum
802 2643 973 2680 videlicet
1008 2644 1096 2680 altc-

59 2706 98 2732 ro
125 2692 330 2741 adjuvare.-
358 2694 513 2729 maxime
534 2695 620 2742 quia
635 2693 673 2730 bi
687 2691 755 2730 duo
773 2692 894 2740 gladii
915 2691 1097 2739 consueve-

62 2754 144 2780 runt
171 2746 331 2789 exigente
354 2740 548 2788 neceffitate
564 2740 635 2787 fibi
657 2742 711 2779 ad
742 2745 894 2779 invicem
916 2742 1098 2789 suffraga-

59 2795 119 2839 ri,
143 2794 183 2837 (5
198 2795 234 2828 in
251 2793 423 2840 juvamen
449 2792 604 2829 alterius
628 2802 751 2830 mutua
774 2791 1000 2838 subventione
1016 2791 1095 2838 frc-

59 2839 223 2893 quenticis
248 2843 403 2879 exerceri
449 2854 532 2887 cap.
551 2842 693 2880 dilecto
709 2868 722 2888 ‚
749 2843 833 2879 eod.
852 2844 910 2879 tit*
940 2844 978 2878 in
1008 2843 1042 2877 6.

101 2891 180 2933 Hoc
197 2891 315 2926 eodem
334 2889 368 2924 in
379 2888 539 2924 Concilio
558 2889 680 2933 insigne
699 2889 787 2924 rubri
806 2890 887 2932 pilei
902 2889 1097 2925 Cardinali-

59 2931 119 2967 bus*
137 2934 250 2966 datum
268 2933 435 2974 proditur.
457 2933 497 2965 In
514 2934 635 2965 eodem
654 2932 775 2975 pariter
793 2933 936 2973 produnt
964 2933 1095 2974 aliqui,

58 2974 227 3009 occasione
245 2973 456 3016 depositionis
466 2973 623 3007 Friderici
641 2997 652 3014 ‚
682 2973 774 3008 fuisse
792 2974 841 3007 ius
855 2975 1094 3015 Imperatorem

59 3015 204 3058 eligendi
219 3015 505 3057 Septemviralibus
531 3014 703 3058 suffragiiis
726 3015 904 3058 alligatum
924 3026 933 3054 ;
956 3015 1094 3056 quidam

59 3058 139 3091 vero
158 3058 219 3092 hoc
239 3057 380 3093 referunt
397 3058 439 3091 ad
458 3056 865 3100 secundumLugdunense
884 3056 1092 3097 Concilium,

57 3098 116 3134 sub
126 3098 292 3140 Gregorio
309 3098 440 3134 decimo
459 3098 679 3133 celebratum.
701 3098 755 3133 Ab
775 3098 849 3131 aliis
868 3106 979 3131 autem
997 3097 1093 3132 refer-

58 3150 112 3175 tur
131 3140 164 3174 id
183 3139 368 3175 institutum
376 3142 418 3175 ad
428 3140 632 3184 Gregorium
643 3141 687 3175 V.
699 3140 911 3178 Pontificem,
935 3139 1093 3186 &Otho-

57 3193 135 3216 nem
151 3181 551 3223 tertiumlmperatorem,
573 3182 631 3224 qui
649 3182 727 3216 cum
743 3181 847 3216 essent
875 3190 979 3227 patria
997 3181 1094 3215 Teu-

54 3223 163 3259 tonici
183 3247 193 3263 ,
225 3222 274 3257 ius
302 3222 384 3257 istud
402 3225 601 3260 Teutonicis
622 3224 825 3266 Principibus
843 3222 1060 3270 attribuerunt
1081 3249 1091 3257 .

55 3266 177 3302 Fuerat
194 3264 332 3308 quidem
349 3266 444 3303 antea
463 3267 615 3303 successio
635 3268 675 3299 ad
687 3266 866 3308 Imperium
891 3275 969 3298 iuris
989 3265 1091 3299 haere-

57 3307 186 3342 ditarii:
210 3305 300 3340 Cum
319 3315 428 3340 autem
438 3308 533 3343 Otho
552 3308 667 3343 tertius
686 3309 799 3342 nullos
818 3306 946 3340 haberet
957 3305 1091 3348 liberos,

56 3358 250 3395 urgeretque
263 3357 366 3381 metus
375 3348 474 3383 futuri
485 3349 678 3386 internecini
689 3349 766 3382 belli
777 3361 835 3391 pro
846 3350 905 3381 hac
925 3348 1093 3384 succeffio-

5 3402 7 3411 ¹
54 3402 98 3426 ne
125 3389 169 3423 ob
200 3388 324 3422 diversa
347 3388 533 3433 Principum
560 3392 665 3426 studia
683 3415 693 3430 ‚
716 3391 842 3425 constat
860 3389 996 3431 quidem
1016 3399 1091 3425 tum

54 3431 203 3476 primum
216 3431 387 3466 Pontificia
397 3430 534 3468 simul&
543 3432 711 3476 Imperiali
733 3432 900 3466 ‹tanffione
910 3431 1091 3466 Germani-

0 3466 9 3497 f
54 3473 324 3513 cumlmperium
344 3471 439 3507 fuisse
458 3474 645 3518 Principum
663 3475 914 3509 Germanorum
940 3472 1090 3516 deinceps

54 3514 210 3551 'eleetioni
229 3514 423 3556 alligatum,
445 3525 482 3550 ut
503 3518 601 3551 multi
624 3519 852 3554 contendunt,
875 3514 937 3548 five
955 3515 1085 3556 Septem

54 3557 202 3593 virorum
225 3558 415 3596 dumtaxat,
438 3566 476 3592 ut
493 3557 550 3592 alii
560 3559 746 3594 constanter
756 3557 916 3592 as'serunt2‘
941 3558 986 3589 est
996 3558 1090 3591 enim

5 3596 8 3632 Ξ
53 3600 95 3634 de
120 3600 171 3633 his
198 3609 318 3641 magna
345 3597 431 3633 inter
473 3599 620 3634 eruditos
653 3599 825 3643 plerosque
851 3598 1056 3635 concertatio
1078 3628 1089 3635 .

1967 229 2134 300 399

1158 302 1306 354 Consule
1323 319 1391 349 cap.
1398 306 1622 355 =venerabilem
1634 333 1645 349 ,
1666 311 1710 345 de
1723 309 1856 355 -eleffim
1875 313 1968 348 cuius
1990 315 2112 349 author
2128 318 2185 352 In.

1157 356 1331 394 nocentius
1347 359 1461 384 tertius
1471 374 1480 382 .
1504 348 1646 397 Decreto
1661 353 1764 387 etiam
1772 353 1906 389 huiusce
1920 356 2183 398 generafiscon-

1156 388 1233 437 cxlii
1253 393 1452 439 proclama-ta
1468 389 1532 426 fuit
1549 393 1710 434 generalis
1719 393 1984 432 Christianorum
2000 395 2120 434 bellica
2129 411 2186 433 ex·-

1157 431 1305 502 fe‘imo’
1323 435 1630 481 nominecjmctatm
1649 444 1749 478 atque
1765 437 1894 472 adeius
1909 440 2063 482 expensas
2079 442 2188 476 neees-

1172 482 1255 506 arias
1272 474 1434 509 destinata·
1445 473 1530 522 suit,
1550 486 1622 512 non
1636 478 1772 521 quidem
1791 481 1909 522 (quod
1923 480 2061 516 erronee
2076 480 2188 518 sedhic

1157 513 1434 563 Abbasstadenfis
1453 527 1490 550 m
1510 516 1679 552 Chronico
1696 522 1738 554 ad
1756 531 1882 555 annum
1902 531 1989 565 1245.
2005 523 2022 562 )
2042 533 2186 566 proven-

1156 562 1254 591 tuum
1263 557 1564 605 Eeclesiasticorum
1579 570 1652 606 pars
1666 561 1782 603 quinta
1799 586 1811 602 ‚
1840 563 1892 596 sed
1919 565 2071 606 vigesima
2087 567 2186 600 dum-

1155 605 1246 644 3axat
1257 622 1269 638 ‚
1292 601 1449 647 idque-ad
1464 608 1646 646 triennium
1664 614 1673 640 ;
1695 603 1728 636 id
1746 603 1837 638 enim
1852 615 2061 646 compertum
2077 607 2125 642 est
2142 613 2184 642 ex

1154 639 1298 686 ipsismet
1315 642 1419 678 verbis
1435 642 1557 675 decreti
1581 653 1626 683 17.
1638 642 1729 678 istius
1738 645 1905 680 Concilii:
1923 648 2074 681 ,Ceterum
2097 651 2112 691 (
2130 649 2184 683 in-

1152 690 1229 724 quit
1239 682 1254 720 )
1274 695 1313 716 ex
1329 686 1484 716 communi
1491 686 1612 716 Concilii
1629 687 1840 727 approbatione
1856 686 2037 729 statuimus,
2059 700 2095 723 ut
2115 702 2186 723 om-

1155 735 1209 755 nes
1224 723 1343 758 omnine
1351 727 1478 763 Clerici,
1498 726 1705 767 tamsubditi,
1726 728 1826 770 quam
1834 732 1962 763 ‘Praelati
1973 754 1985 770 ,
2006 731 2187 772 vigesimam

1156 766 1358 806 Ecclefiarum
1372 774 1582 808 proventuum
1598 769 1689 808 usque
1707 772 1746 802 ad
1771 774 1941 806 triennium
1965 773 2126 813 conferant
2151 777 2185 806 in

1143 806 1313 848 subsidium
1323 811 1424 841 Terra
1434 807 1550 843 Santsslae
1558 830 1569 846 ‚
1586 818 1642 850 per
1659 821 1767 844 manus
1780 825 1885 846 eorum
1894 836 1906 851 ‚
1924 816 1982 854 qui
1989 815 2029 846 ad
2038 815 2086 846 boc
2093 818 2188 855 ‚Apo-

1149 847 1255 888 stolica
1265 851 1389 889 fuerint
1402 850 1598 891 providentia
1624 854 1755 885 ordinati
1772 866 1783 885 .-
1813 855 1991 895 quibufiiam
2013 857 2187 890 dumtaxat

1156 891 1305 931 Religio-fis
1322 894 1451 933 exceptis
1466 891 1503 923 ab
1512 892 1566 923 bac
1580 891 1765 932 praestatione
1783 896 1891 928 merit'o
1909 898 2186 937 eximendis‚illis..

1154 943 1213 972 que
1225 932 1390 973 similiter,
1412 935 1466 974 qui
1480 932 1628 975 affumpto
1645 936 1701 966 vel
1723 936 1902 976 asumendo‘
1912 942 2011 971 Crucis
2028 938 2186 980 fignaculo

1144 976 1224 1019 vsiant
1238 977 1432 1016 personaliter
1448 973 1615 1015 profebluri
1631 999 1641 1007 .
1671 976 1740 1016 Nos
1759 982 1804 1011 (9⁴
1822 982 1944 1011 Fratres
1961 978 2052 1020 nostri
2066 980 2185 1013 ,Sanfiae

1155 1020 1298 1058 Romana
1323 1017 1454 1057 Ecclesia
1476 1017 1652 1052 cardinales
1673 1019 1810 1058 plenarie
1844 1022 1992 1053 decimam
2026 1022 2185 1063 persolve-

1153 1070 1238 1092 mus.
1260 1061 1422 1100 Sciantque
1434 1059 1468 1097 fi
1485 1069 1587 1090 omncs
1602 1060 1642 1090 ad
1657 1060 1709 1091 'hoc
1721 1059 1858 1099 fideliter
1876 1062 2098 1101 observandum
2127 1073 2182 1104 per

1152 1103 1470 1134 excommunicationis
1484 1101 1672 1139 ftntentiarn
1688 1100 1847 1142 obligatos,
1870 1106 1916 1135 ita
1934 1105 2013 1143 quod
2029 1106 2081 1135 illi
2100 1127 2111 1142 ,
2132 1106 2186 1144 qui

1141 1147 1238 1189 fiper
1254 1143 1303 1175 boc
1316 1142 1463 1181 fraudem
1471 1142 1603 1181 fiienter
1610 1143 1748 1182 fecerint
1763 1166 1778 1182 ,,
1800 1145 1991 1184 fintentiam
2004 1156 2184 1180 excommu-

1150 1186 1308 1222 nicationis
1325 1186 1489 1218 incurrant
1506 1205 1516 1215 .

1150 1279 2187 1334 unumfflfflfflfflmnm*ffiffiffiue

1263 1356 1682 1410 SELECTA
1730 1358 2075 1398 CAPITA

1151 1447 1217 1492 Ex
1250 1449 1414 1490 Statutis
1444 1450 1576 1500 Saniii
1613 1451 1790 1490 Ludovici
1816 1449 2036 1487 Francorum
2069 1448 2182 1498 Regis

1401 1502 1503 1551 apud
1527 1501 1688 1547 Parisios
1714 1513 1804 1539 anno
1835 1510 1942 1546 ²254-

1150 1592 1279 1632 CAP·1.
1395 1591 1537 1638 Uaestus
1550 1594 1693 1643 quidem
1706 1592 1843 1629 illicitos
1853 1618 1865 1637 ‚
1875 1601 2041 1639 quantum
2054 1593 2185 1641 poffibi-

1293 1602 1382 1703 Q
1407 1643 1439 1681 le
1448 1642 1562 1690 fuerit
1573 1669 1587 1690 ,
1597 1646 1632 1679 in
1650 1642 1811 1682 Ballivis
1825 1643 1866 1683 (5
1880 1641 1961 1676 aliis
1975 1642 2186 1680 curialibus

1155 1693 1276 1740 noslris
1292 1699 1482 1742 reprimere
1495 1698 1700 1741 cupientes,
1726 1688 1948 1740 Senescallos
1960 1716 1972 1734 ,
2001 1691 2186 1738 Baliivos,

1152 1744 1361 1794 Praepositos
1383 1770 1396 1790 ‚
1421 1742 1460 1780 V
1459 1746 1654 1781 iceeomites
1666 1769 1679 1789 ,
1706 1743 1746 1784 (9⁹
1760 1740 1931 1777 villarum
1946 1742 2121 1787 majores,
2144 1743 2184 1785 ὅ

1149 1794 1241 1832 alios
1256 1794 1442 1840 Officiales
1469 1791 1621 1838 noslros,
1642 1794 1841 1839 juramento
1860 1787 2053 1837 subscripto
2077 1791 2185 1828 duxi-

1150 1858 1227 1882 mus
1253 1842 1517 1891 astringendos.
1548 1843 1665 1891 Cujus
1682 1841 1713 1885 fi
1737 1839 1800 1889 ipsi
1818 1837 2037 1886 Senescalli‚
2066 1840 2183 1878 Balli.

1148 1898 1214 1939 vi,
1243 1894 1357 1937 &alii
1379 1892 1560 1938 Officiales
1585 1889 1686 1936 nostri
1708 1889 1847 1935 fuerint
1871 1887 2143 1936 transgressores
2171 1917 2184 1937 ,

1146 1956 1269 1993 poenas
1291 1943 1437 1980 debitas
1464 1945 1501 1979 in
1523 1942 1615 1977 bona
1643 1940 1818 1989 ipsorum,
1838 1938 1897 1975 vel
1920 1937 1950 1983 fi
1964 1951 2021 1974 res
2043 1942 2180 1988 exigat,

1149 1997 1185 2031 in
1207 1992 1401 2042 personas,
1430 1990 1549 2034 nosirae
1573 1990 1776 2028 voluntatis
1796 2015 1808 2034 ‚
1843 1987 1903 2024 vel
1931 1988 2101 2036 deputato
2111 2004 2187 2027 rum

1149 2045 1176 2080 ἁ
1202 2043 1322 2088 nobis,
1349 2043 1498 2079 arbitrio
1522 2039 1746 2087 reservamus
1761 2067 1769 2083 2
1801 2037 1846 2075 Si
1868 2037 1953 2073 verb
1985 2038 2148 2085 Majores
2167 2067 2182 2086 ‚

1151 2092 1318 2129 Ballivos
1331 2118 1342 2135 ‚
1371 2091 1430 2128 vel
1445 2089 1630 2135 Officiales
1646 2091 1809 2137 dejerare
1825 2090 2008 2134 contigerit
2021 2114 2033 2132 ,
2061 2092 2097 2125 in
2111 2090 2179 2127 bac

1149 2152 1254 2190 parte
1280 2137 1536 2187 asenescallis
1554 2139 1620 2188 sub
1653 2140 1821 2176 bonarum
1861 2135 2046 2182 testimonio
2065 2139 2182 2188 perso.

1148 2204 1301 2237 narum,
1329 2192 1368 2233 δ
1388 2205 1461 2228 cum
1493 2189 1651 2238 ipsarum
1671 2187 1804 2229 consilio
1823 2190 2042 2237 puniantur.

1198 2241 1332 2280 Cae-11
1348 2241 1535 2289 Jurabunt
1558 2242 1664 2287 igitur
1678 2252 1793 2277 omncs
1809 2242 1847 2281 (ζ’
1858 2236 1985 2284 singuli
2005 2236 2176 2287 supradi-

1148 2293 1219 2336 eti,
1246 2291 1339 2339 quod
1363 2290 1537 2340 quamdiu
1561 2290 1769 2337 commiffam
1787 2288 1850 2332 liin
1876 2287 2041 2324 tenebunt
2065 2287 2176 2326 Sene-

1140 2341 1309 2388 scalliam
1323 2366 1336 2386 ,
1362 2341 1420 2377 vel
1437 2340 1638 2378 Balliviam
1652 2366 1664 2386 ‚
1683 2337 1954 2386 Praeposituram
1966 2363 1977 2380 ,
1993 2337 2051 2373 vel
2066 2337 2172 2376 aliud

1145 2390 1373 2439 quodcunque
1395 2389 1540 2434 officium
1560 2389 1831 2436 supradieium,
1857 2397 1934 2423 tam
1957 2386 2147 2424 minoribus
2162 2414 2178 2434 5

1145 2441 1256 2488 quam
1278 2437 1511 2475 mediocribus·
1525 2453 1537 2482 3
1563 2448 1640 2474 tam
1666 2437 1855 2485 majoribus
1879 2461 1890 2479 ,
1952 2436 2036 2472 uam
2059 2435 2176 2474 adve-

1146 2491 1227 2535 nis,
1253 2499 1332 2525 tam
1355 2488 1531 2536 indigenis
1545 2513 1558 2532 ‚
1583 2489 1692 2535 qudm
1702 2486 1888 2534 subjet't'is‚
1908 2449 1983 2528 siqne
2000 2489 2180 2526 nationum

1145 2540 1184 2582 ζῇ*
1197 2536 1422 2588 personarum
1438 2547 1636 2584 acceptione
1644 2539 1707 2583 jus
1721 2535 1876 2573 reddent
1888 2549 1900 2573 .·
1913 2533 2104 2580 servantes·
2118 2548 2177 2574 ta-

1143 2601 1220 2626 men
1242 2591 1278 2624 in
1301 2587 1379 2624 locis
1398 2586 1475 2635 suis
1494 2585 1563 2633 sua
1580 2588 1667 2634 jura
1690 2613 1702 2633 ,
1728 2585 1810 2634 usus
1843 2585 1882 2628 <¹2¹
1911 2582 2177 2631 consuetudines

1145 2637 1367 2687 approbatas
1383 2664 1392 2674 .
1701 2649 1722 2657 ⁴

1190 2688 1276 2725 Cne-
1306 2686 1378 2723 111.
1403 2685 1590 2734 Jurabunt
1614 2683 1752 2732 insuper
1776 2683 1865 2721 bona
1893 2682 1971 2729 fide
1996 2686 2087 2731 jura
2116 2698 2174 2722 no·

1138 2734 1215 2782 stra
1229 2739 1406 2784 requirere
1423 2739 1461 2778 ἐς·
1475 2737 1622 2782 servare
1635 2762 1647 2782 ‚
1674 2737 1713 2778 ὡ·
1730 2733 1880 2771 aliorum
1902 2736 1991 2780 jura
2018 2733 2171 2780 scienter

1141 2801 1205 2824 non
1232 2786 1375 2833 auferre
1391 2812 1403 2832 ,
1432 2799 1490 2823 nec
1515 2786 1709 2822 diminuere
1732 2811 1743 2829 ‚
1769 2797 1828 2820 nec
1850 2788 1960 2821 etiam
1989 2784 2175 2831 impedire.

1192 2837 1276 2876 CAr.
1305 2836 1375 2873 IV.
1402 2835 1587 2884 Jurabunt
1612 2837 1720 2871 ctiam
1750 2859 1763 2878 ,
1800 2834 1927 2869 donum
1959 2830 2023 2879 seu
2047 2846 2173 2871 munus

1141 2887 1320 2937 quodlibet
1357 2887 1383 2922 a
1413 2897 1616 2934 quacunque
1651 2881 1798 2930 persona
1826 2894 1890 2929 per
1921 2877 1962 2928 sc
1986 2907 2000 2928 ,
2026 2883 2087 2919 vel
2105 2894 2172 2931 per

1140 2938 1276 2983 alium,
1303 2949 1366 2971 non
1390 2940 1543 2983 recipere
1565 2937 1602 2971 in
1623 2934 1774 2981 pecunia
1789 2957 1801 2977 ‚
1826 2944 1913 2968 auro
1925 2957 1938 2976 ,
1964 2931 2026 2968 vel
2049 2943 2173 2980 aagen-

1141 2997 1174 3025 to
1198 3014 1210 3034 ,
1244 2985 1305 3023 vel
1327 2984 1431 3022 rebus
1455 2985 1542 3021 aliis
1567 2980 1821 3032 quibuscunque
1845 2980 2026 3019 mobilibus
2046 3007 2059 3027 ,
2108 2993 2173 3020 aut

1139 3035 1396 3079 immobilibus,
1422 3045 1484 3071 aut
1506 3034 1544 3081 se
1559 3033 1797 3076 moventibus,
1818 3030 1883 3079 seu
1905 3029 2078 3077 beneficiis
2087 3042 2171 3079 per.

1137 3085 1312 3135 sonalibus
1331 3083 1407 3129 five
1427 3085 1611 3133 perpetuis
1635 3108 1647 3128 ,
1683 3091 1812 3131 prater
1840 3079 2016 3128 esculenta
2042 3106 2056 3127 ,
2083 3095 2166 3131 quo.

1138 3150 1214 3173 rum
1238 3135 1340 3171 valor
1371 3137 1407 3171 in
1431 3148 1500 3170 una
1527 3131 1754 3170 hebdomada
1772 3135 1947 3178 summam
1971 3129 2093 3168 decem
2114 3131 2168 3177 so-

1137 3187 1288 3224 lidorum
1306 3182 1521 3227 Parisiorum
1536 3196 1600 3220 non
1614 3181 1766 3219 excedat
1778 3196 1792 3220 .·
1820 3182 1860 3223 ὔ
1875 3180 1968 3229 quod
1990 3180 2093 3218 dieta
2106 3180 2164 3219 bo-

1137 3251 1182 3273 na
1208 3235 1265 3281 seu
1287 3232 1457 3281 beneficia
1485 3233 1649 3271 uxoribus
1671 3230 1775 3278 suis,
1801 3229 1948 3276 liberis,
1968 3229 2164 3276 fratribus,

1129 3284 1307 3333 sororibus
1322 3311 1335 3332 ,
1361 3284 1568 3333 nepotibus,
1597 3281 1753 3328 neptibus
1767 3306 1781 3326 ,
1806 3280 1864 3317 vel
1887 3279 2163 3328 consanguineis,

1135 3347 1199 3374 aut
1229 3331 1429 3377 domesticis
1466 3332 1530 3381 seu
1567 3329 1797 3374 consimilibus
1835 3330 1975 3368 minime
1998 3341 2165 3378 procura-

1135 3386 1216 3423 bunt
1233 3411 1243 3422 .
1276 3384 1354 3422 Ima
1378 3384 1467 3421 bona
1488 3382 1566 3429 fide
1590 3381 1815 3428 diligentiam
1840 3379 2059 3417 adhibebunt
2080 3405 2095 3426 ,
2120 3393 2162 3418 ne

1133 3447 1259 3474 uxores
1279 3433 1356 3482 suae
1391 3433 1451 3470 vcl
1490 3434 1569 3470 aliae
1596 3428 1747 3480 persona
1787 3429 1946 3478 proxime
1981 3431 2163 3467 nominatae

1134 3487 1227 3524 dona
1249 3485 1309 3522 vel
1334 3496 1478 3523 munera
1506 3484 1703 3530 recipiant.
1733 3479 1842 3532 Qod
1860 3478 1891 3524 si
1909 3478 2090 3527 fecerint,
2116 3491 2162 3515 ex

1132 3552 1196 3587 quo
1221 3536 1283 3572 boc
1304 3533 1500 3581 sciverint,
1529 3545 1583 3569 eos
1613 3531 1665 3567 ad
1689 3529 1937 3573 restituendum
1959 3529 2050 3567 bona
2078 3525 2158 3573 fide

1133 3585 1338 3635 compellant
1355 3610 1368 3632 ,
1395 3582 1455 3629 sub
1480 3582 1599 3620 debito
1618 3582 1820 3629 juramento
1836 3606 1845 3616 .
2057 3622 2123 3658 Hi,
