2430 3958
701 232 1071 315 Historica
1130 233 1486 343 Synopfis.

79 352 246 400 suceeffu
255 380 271 405 9
291 367 334 396 ut
346 356 468 404 'major
475 351 805 396 iconoclastarum
817 364 906 400 pars
917 374 932 397 a
947 348 1104 390 mutatis

83 411 226 451 animis
253 411 294 449 &
312 405 535 454 sententiis,
561 406 611 447 ad
630 402 804 446 Ecclesiae
816 405 1037 448 unitatem,
1057 396 1109 438 se-

39 504 42 506 .
85 461 298 511 cundaeque
323 460 493 500 Nieaenae
521 458 671 510 Synodi
698 453 962 506 profeffionem
989 450 1108 492 redie-

0 2996 16 3075 ΒΓΕ
0 2945 15 2971 ᾖ
0 2786 17 2919 ῧῗ”ῖ-““Γ

0 3101 16 3135 ἐτ’

45 3443 56 3518 ⁴3

0 3311 18 3395 3·ss
0 3259 18 3287 '⁵2'-
0 3157 18 3234 &au-‘0'

0 3414 18 3496 ἓξ

13 3477 20 3499 5

0 3518 19 3548 a

0 3533 59 3670 εισι

0 3676 61 3752 iss-l

60 3838 64 3867 ἰ

79 515 151 556 tit.
180 513 261 554 Sub
280 510 339 552 his
359 513 477 551 etiam
495 508 765 560 temporibus,v
781 510 944 557 Bogoris
971 504 1106 555 Bulga-

82 578 217 607 torum
242 564 327 606 Rex
350 562 538 604 hortante
565 561 722 609 sorore,
751 573 835 612 quae
861 557 967 598 bello
993 568 1108 606 capta

81 616 351 659 Christianam
377 613 493 656 fidem
513 603 748 663 sr‘iseeperat2
775 624 864 652 eum
891 607 963 650 suis
989 621 1109 668 popu-

83 667 136 709 lis
165 667 427 713 Christianam
454 668 651 716 amplexus
676 658 730 706 est
754 661 869 708 fidem
886 691 896 700 .
917 661 1013 727 ⁴Posi:
1040 659 1109 700 ali-

81 732 186 771 quot
212 719 305 762 vero
328 734 476 767 annos,
507 719 616 760 rebus
644 713 815 760 Ecclefiae
842 726 988 762 optime
1015 727 1109 753 eon-

82 772 228 814 stitutis
241 797 255 820 ³
285 775 327 812 in
349 770 625 812 Monasterium
645 769 777 809 divino
798 764 958 806 aestuans
973 778 1107 804 amore

81 822 225 865 seceffit
244 851 254 862 .
281 824 358 864 Sed
385 823 545 864 audiens
580 820 700 862 filium
727 814 974 859 successorem
1004 814 1109 867 pessi*

75 876 147 916 me
165 875 344 926 Regnum
362 889 497 916 curare
510 900 526 922 a
552 873 825 922 pristinamque
846 866 1031 928 resumere
1050 866 1108 908 su-

75 925 379 979 perstitionem,
414 927 590 977 Regnum
625 920 819 971 resumpsit
839 945 855 968 2
889 919 1015 961 filium
1042 933 1106 960 ex-

81 982 270 1027 caecavi‘t‚
298 981 399 1020 &in
417 977 574 1019 vincula
600 975 776 1028 reduxit5
804 986 924 1024 atque
942 973 1107 1013 transla-

81 1043 129 1072 to
150 1033 190 1071 in
210 1030 378 1071 alterum
395 1043 490 1072 natu
510 1032 699 1070 minorem
719 1025 880 1076 Regno,
908 1023 1106 1074 pristinam

84 1079 337 1125 solitudinem
364 1084 540 1132 repetiit.
567 1083 670 1122 Huic
691 1078 903 1120 Theodora
932 1076 1105 1128 Augusta

81 1136 184 1176 vires
213 1135 263 1176 ad
290 1131 590 1183 compescendos
613 1157 628 1180 a
665 1133 733 1183 qui
761 1129 1014 1171 rebellionem
1042 1144 1105 1180 pa·

82 1186 253 1234 rabant,
281 1185 468 1237 Bulgaros
496 1183 804 1234 suppeditaverat
817 1210 827 1220 .

140 1252 198 1284 19.
229 1237 351 1278 Anno
378 1234 592 1283 seliciffimae
620 1235 965 1278 administrationis
995 1233 1104 1284 hujus

86 1289 254 1331 'decimo-
287 1297 428 1336 uarto,
456 1288 598 1328 Bardas
624 1287 746 1328 homo
771 1286 1035 1335 impurissimus
1051 1301 1106 1327 re-

83 1355 168 1384 rum
205 1354 269 1381 am
299 1345 381 1381 iens
409 1337 670 1390 praefecturam
693 1362 710 1386 ς
744 1337 832 1379 cum
858 1335 950 1380 esset
978 1339 1105 1380 Theo-

1954 266 2108 333 277

1149 347 1308 390 ulterius
1316 351 1495 398 provexit
1503 345 1835 397 audaciaimmiffis
1844 349 2070 391 muneribus
2077 347 2162 389 seri-

1150 397 1302 451 ptisque
1320 401 1440 443 literis
1467 401 1517 443 ad
1546 401 1788 442 Ludovicum
1811 398 2019 442 secundum
2048 405 2161 443 Occi·

1147 451 1274 493 dentis
1293 456 1571 502 Imperatorem
1588 479 1603 500 a
1629 452 1783 504 ejusque
1808 457 2012 506 conjugem
2034 453 2161 504 Augu-

1147 503 1241 543 stam
1259 530 1274 552 ς,
1302 520 1346 546 ut
1380 503 1418 546 se
1443 502 1605 556 suosque
1638 508 1804 555 populos
1833 505 1855 545 ὲ
1882 507 2162 546 communione

1147 556 1305 597 Nicolai
1334 558 1500 599 haeretici
1521 582 1535 604 2
1575 558 1740 608 ideoque
1768 561 2016 599 oecumenica
2036 559 2158 599 totius

1147 611 1320 650 Orientis
1335 610 1498 660 synodo
1524 610 1615 656 juste
1634 610 1808 650 damnati
1824 634 1839 655 ‚
1867 607 2162 651 subtraherent.

1201 675 1259 700 20.
1285 661 1479 702 Caeterum
1501 663 1609 702 Deus
1636 677 1719 701 non
1737 661 1881 702 distulit
1897 664 2051 702 meritas
2080 675 2162 710 poe-

1148 725 1216 752 nas
1237 712 1282 753 de
1302 713 1494 754 malorum
1519 716 1702 761 primario
1712 713 1882 753 authore
1901 711 2046 754 sumere
2055 730 2069 758 ‚-
2094 728 2164 752 an-

1147 778 1201 805 no
1228 768 1332 806 enim
1349 768 1437 815 867.
1465 764 1638 806 Michael
1661 766 1881 815 imperator
1898 765 2018 815 Barde
2035 763 2161 813 super«-

1146 811 1249 856 biam
1270 816 1449 866 perosus,
1475 821 1588 868 eique
1607 814 1805 864 diffidens,
1831 817 1996 858 eundem
2013 830 2078 865 per
2094 819 2165 859 Ba-

1146 866 1266 908 silium
1303 870 1562 911 Macedonem
1590 864 1773 913 trucidati
1803 868 1898 917 jussit
1916 898 1926 909 .
1953 871 2076 918 Cujus
2104 880 2164 908 ca-

1145 919 1260 961 daver
1286 921 1386 963 ioede
1422 920 1651 970 discerptum
1676 921 1924 972 lacerumque
1951 920 2059 971 plebs
2096 933 2164 969 per

1145 974 1250 1014 vicos
1277 976 1316 1014 &
1344 977 1520 1024 compita
1548 975 1670 1014 traxit
1689 1002 1700 1012 .
1733 971 1891 1014 Basilius
1917 972 2082 1025 Augusti
2110 974 2161 1014 di.

1142 1027 1292 1075 gnitate
1301 1025 1323 1067 a
1333 1025 1526 1067 Michaele
1536 1025 1764 1067 donatusest
1776 1043 1787 1064 .-
1807 1039 1924 1076 quam
1935 1029 2161 1078 integritate

1143 1091 1321 1125 morum,
1339 1078 1562 1129 justitiaeque
1583 1077 1732 1124 studio,
1772 1079 1812 1118 &
1833 1076 1982 1123 bellicis
1998 1079 2045 1118 de
2061 1080 2169 1120 Sara-¹

1144 1131 1248 1169 cenis
1267 1132 1307 1170 &
1327 1129 1558 1172 Manichaeis
1578 1127 1799 1171 succeffibus
1817 1129 2040 1172 illustravit.
2060 1129 2166 1171 Pho·

1144 1184 1241 1222 tium
1268 1182 1363 1222 vero
1393 1180 1476 1223 sede
1503 1184 1615 1230 ejecit
1637 1207 1654 1230 ι,
1690 1181 1740 1222 ad
1766 1194 1931 1232 eamque
1965 1184 2165 1233 Ignatiurn

1144 1232 1364 1275 honorifice
1391 1237 1594 1275 revocavit
1611 1261 1622 1273 .
1649 1233 1755 1278 Cum
1776 1234 1870 1274 vero
1893 1232 2051 1279 Basilius
2087 1236 2161 1275 Mi.

1143 1285 1318 1326 chaelem
1344 1289 1618 1335 Imperatorem
1649 1289 1725 1334 ejus
1776 1288 1946 1326 nominis
1973 1289 2163 1334 tertium5

1143 1339 1477 1388 aurigationibus,
1504 1337 1661 1385 stupris,
1685 1339 1725 1377 &
1752 1338 2093 1385 perpotationibus
2119 1340 2160 1378 δε

79 1393 187 1435 dorae
225 1395 441 1444 nequitiam
477 1391 587 1440 ipsius
623 1389 834 1432 aversantis
870 1389 988 1432 frater
1010 1416 1025 1438 2
1065 1395 1105 1431 &
1139 1390 1241 1430 ludis
1269 1388 1419 1439 prorsus
1444 1390 1672 1438 addictum,
1705 1388 1959 1437 prudentibus
1986 1389 2158 1430 admoui.

80 1443 291 1488 Michaelis
318 1443 534 1485 avunculus
548 1442 735 1493 ‚author
754 1442 812 1483 illi
828 1441 899 1483 fuit
923 1443 1106 1484 Theodo-
1124 1479 1131 1498 ,

78 1511 165 1539 ram
185 1500 225 1537 in
246 1497 423 1544 ordinem
449 1497 679 1547 redigendi3'
696 1494 843 1546 sibique
870 1510 997 1536 rerum
1024 1510 1106 1535 om-

80 1551 191 1591 nium
219 1563 351 1596 curam
386 1548 684 1596 committendi,
711 1548 804 1589 dum
834 1549 1014 1597 Princeps
1040 1561 1108 1588 vo,

80 1601 377 1650 luptatibusfad
404 1600 561 1642 libitum
580 1600 818 1651 indulgeret.
849 1600 920 1640 Per
946 1601 987 1640 id
1012 1613 1105 1640 tem-

79 1666 153 1703 pus
181 1656 263 1694 vita
281 1652 417 1694 functo
447 1651 684 1700 Methodio‚
712 1654 909 1701 Ignatium
930 1651 1105 1692 Michae-

78 1705 128 1746 lis
157 1706 411 1754 Curopalatae
437 1706 687 1753 Imperatoris
724 1703 848 1745 filium
867 1729 882 1751 ³
918 1706 986 1754 qui
1019 1703 1105 1752 post

80 1760 333 1808 tyrannicam
367 1760 488 1805 patris
516 1757 795 1805 depositionem
821 1758 843 1796 ἐι
870 1757 1005 1797 Leone
1033 1754 1106 1796 Ar-

79 1823 200 1849 meno
217 1806 386 1856 facum,
438 1808 646 1850 enitalibus
666 1806 821 1855 excisis,
851 1811 891 1849 in
911 1808 1105 1850 Monaste-

79 1863 179 1902 rium
203 1859 378 1902 detrusus
404 1822 555 1909 ignerat,
581 1863 731 1902 curavit
749 1860 961 1901 Theodora
983 1863 1103 1901 Patri-

78 1910 239 1952 archam
266 1913 392 1964 Regiae
419 1913 532 1953 urbis·
551 1911 634 1953 fieri
653 1937 672 1960 ι,
697 1912 896 1953 hominem
925 1910 1103 1953 sanctissi-

79 1977 212 2005 mum.
238 1963 434 2005 Omnibus
463 1968 580 2014 igitur
607 1964 720 2004 rebus
748 1978 837 2005 cum
863 1962 1024 2016 Caesaris
1052 1965 1107 2004 di-

73 2017 231 2068 gnitate
246 2015 410 2056 arbitrio
431 2015 561 2057 Bardae
581 2011 782 2065 permissis,
811 2015 920 2063 hujus
945 2018 1104 2057 incurrit

78 2067 397 2118 indignationem
417 2066 591 2119 Ignatius
612 2093 628 2116 ³
664 2066 828 2115 primum
855 2070 950 2119 quia
973 2069 1104 2109 Bardae

76 2122 265 2169 petitioni
288 2117 496 2170 refragatus
516 2119 571 2160 est
590 2145 609 2167 ‚
633 2119 724 2160 dum
744 2119 997 2162 Theodoram
1016 2134 1104 2161 ton·

76 2171 171 2213 dere
198 2174 239 2212 &
266 2171 394 2212 velare
422 2174 588 2212 invitam
617 2175 746 2214 renuit
765 2188 779 2217 3
809 2183 891 2212 tum
915 2176 1009 2222 quia
1036 2176 1105 2214 eti-

81 2237 149 2264 am
167 2224 331 2264 Bardam
341 2225 518 2266 eumdem
533 2222 703 2264 fidelium
718 2228 996 2266 communione
1011 2223 1105 2265 surn-

77 2279 231 2323 movit,
258 2275 312 2315 ob
340 2273 456 2324 stupri
483 2290 572 2316 cum
600 2277 755 2323 propria
777 2284 876 2315 nuru
901 2275 1106 2318 consuetu-

79 2327 232 2379 dinem.
261 2328 513 2381 Quapropter
530 2327 672 2368 Bardas
690 2329 844 2378 Ignatio
871 2324 1044 2379 relegato
1060 2332 1102 2369 in

80 2377 252 2419 Insulam
295 2379 580 2420 Terebinthum
624 2392 808 2427 praetextu
854 2379 1103 2421 calumniosae

81 2427 344 2482 eonfi&aeque
360 2427 539 2472 adversus
559 2433 835 2480 Imperatorem
851 2429 1105 2481 conspiratio-

76 2486 174 2529 nis,
212 2482 352 2523 deinde
392 2481 524 2523 multis
571 2483 802 2525 cruciatibus
839 2497 1020 2532 vexato,
1053 2484 1103 2525 εὸ

79 2533 192 2585 quod
205 2534 359 2575 libellus
378 2537 686 2575 renunciationis
701 2537 844 2583 proprii
865 2536 1105 2577 Patriarcha-

0 2583 10 2600 ’”
61 2598 144 2626 ¹tus
163 2600 244 2626 non
263 2584 445 2634 potuisset
465 2587 515 2627 ab
541 2585 622 2635 ipso
643 2590 889 2638 exrorqueri5
919 2588 1103 2629 Photium

70 2636 230 2679 laicum
263 2641 303 2679 δι
330 2638 501 2679 aulicum
535 2650 755 2689 magnaque
781 2640 883 2688 apud
912 2638 1103 2682 Caesarem

82 2690 248 2733 Bardam
284 2693 410 2741 gratia
452 2690 662 2739 pollentem
696 2693 738 2731 in
774 2691 906 2732 locum
941 2691 1103 2741 depositi

81 2740 324 2793 subrogavit:
351 2746 479 2783 eximii
508 2743 662 2794 quidem
690 2742 887 2785 hominem
917 2747 1061 2795 ingenii
1087 2771 1103 2793 5

79 2792 146 2836 sed
171 2794 393 2835 ambitionis
419 2797 461 2835 δι’
486 2795 642 2836 malitiae
669 2794 942 2843 perditiffimae.
982 2799 1106 2849 Hunc

72 2847 291 2898 Gregorius
319 2845 585 2896 Syracusanus
598 2872 613 2894 ς,
629 2846 679 2887 ab
690 2849 845 2899 Ignatio
857 2853 896 2889 in
914 2850 1103 2890 Concilio

62 2898 134 2939 -ob
152 2897 314 2950 insignia
331 2901 497 2940 crimina
514 2899 745 2947 damnatus,
768 2903 808 2940 &
825 2905 1103 2943 communione

71 2961 200 3001 *atque
228 2951 419 3001 dignitate
445 2950 635 2999 depositus
654 2976 669 2999 2
699 2964 817 3002 quam
836 2952 967 3002 postea
994 2956 1105 3005 Igna-

74 3005 130 3043 tii
155 2999 394 3044 sententiam
421 3005 649 3047 Benedictus
678 3003 782 3053 Papa
810 3008 944 3045 tertius
957 3004 1102 3046 confir-

70 3065 236 3101 marat,
253 3054 745 3108 constantinopolitanum
763 3055 993 3107 Episcopum
1012 3071 1104 3098 con-

74 3103 243 3148 fect-avit
269 3121 376 3147 anno
409 3111 498 3157 858.
526 3122 593 3159 qui
620 3107 708 3149 fons
735 3111 776 3149 δι
803 3111 914 3160 origo
943 3109 995 3150 est
1021 3124 1104 3161 gra-

77 3155 333 3209 viffimarum,
363 3160 504 3211 quibus
523 3161 703 3210 deinceps
724 3159 893 3202 Ecclesia
915 3163 988 3202 Dei
1008 3178 1104 3204 con-

77 3210 231 3252 flistata
247 3209 326 3258 est,
345 3212 637 3254 calamitatum.
667 3212 826 3255 Photius
856 3218 1104 3257 execratione

74 3260 207 3304 verius
243 3260 360 3313 quam
387 3263 686 3307 consecratione
715 3265 1016 3307 patriarchicum
1047 3270 1103 3308 in-

80 3313 223 3355 vadens
249 3313 435 3355 thronum
452 3341 468 3363 ³
502 3316 600 3358 nihil
628 3331 804 3359 moratus
831 3318 885 3359 est
904 3318 1104 3361 Concilia-

79 3364 216 3408 bulum
235 3366 590 3417 Constantinopoli
618 3383 783 3421 eogere,
813 3383 896 3421 quo
907 3372 1103 3421 Ignatium

77 3416 300 3471 damnavit.
322 3419 395 3459 Sed
418 3417 492 3467 ipse
511 3420 533 3461 ὲ
549 3422 724 3462 Nicolao
745 3425 849 3470 Papa
868 3423 1102 3473 damnatus,

82 3467 193 3509 §usus
221 3469 274 3509 est
300 3468 455 3511 vicissim
489 3473 702 3514 Nicolaum
730 3475 996 3517 damnationis
1023 3478 1104 3517 sen-

43 3541 46 3547 ·
85 3522 209 3562 tentia
236 3522 510 3573 perstringere.
548 3523 651 3565 Misit
686 3529 803 3568 etiam
831 3530 872 3567 in
908 3529 1060 3579 Italiam
1085 3547 1101 3577 ‚-

84 3571 282 3624 quilianc
310 3571 621 3623 Pseudo-Synodi
649 3575 882 3618 sententiam
907 3581 951 3619 ’δε
979 3581 1099 3621 Nico-

82 3623 137 3666 hi
154 3624 442 3669 abdicationem
464 3626 699 3676 publicaret.
726 3631 838 3685 Qun
865 3633 984 3673 etiam
994 3629 1100 3674 suam

1142 1442 1315 1483 tionibus
1332 1442 1381 1482 ad
1409 1443 1607 1483 meliorem
1632 1439 1779 1492 frugem
1806 1441 2018 1489 adducere,
2046 1441 2165 1484 stude.

1143 1507 1225 1542 ret,
1243 1494 1346 1535 illius
1363 1495 1497 1535 odium
1517 1497 1557 1534 &
1574 1492 1727 1534 infidias
1755 1496 1797 1532 in
1819 1491 1855 1534 se
1873 1496 2038 1536 excivit.-
2066 1507 2163 1545 quas

1143 1561 1186 1588 ut
1211 1560 1500 1593 anteverteret,
1528 1544 1618 1585 cum
1646 1543 1837 1596 presertim
1855 1547 1947 1587 remi
1976 1547 2162 1588 icuidam

1143 1598 1376 1642 temulentus
1401 1600 1635 1647 Imperium,
1658 1594 1690 1638 fi
1708 1597 1758 1638 ab
1778 1596 1858 1645 ipso
1885 1598 1937 1637 Ba
1954 1599 2039 1639 ilius
2066 1603 2162 1647 peti.

1144 1647 1331 1699 meretur,
1362 1646 1609 1700 promififfet,
1638 1648 1877 1691 Michaelem
1904 1648 2088 1691 obrutum
2108 1654 2164 1697 vi.

1144 1719 1198 1745 no
1223 1702 1382 1744 Basilius
1410 1703 1606 1743 interemit
1637 1716 1748 1742 anno
1775 1704 1866 1752 867.

1197 1771 1254 1797 21.
1286 1756 1382 1797 Inde
1408 1752 1556 1796 Christi
1583 1769 1692 1794 anno
1726 1757 1815 1800 869.
1840 1754 1968 1796 studio
2003 1757 2043 1796 &
2069 1769 2164 1797 cura

1142 1807 1268 1850 Basilii
1296 1811 1336 1849 δι
1362 1808 1504 1859 Ignatii
1532 1805 1674 1846 0&ava
1701 1809 1740 1847 &
1768 1806 1905 1847 ultima
1934 1810 2161 1849 Gra-corum

1142 1860 1278 1901 habita
1305 1861 1359 1902 est
1397 1857 1751 1906 Constantinopoli
1787 1860 1970 1908 Synodus
1998 1875 2166 1901 oecume-

1142 1915 1258 1960 nica,
1285 1916 1347 1954 eui
1376 1910 1628 1960 praesederunt
1655 1911 1845 1951 Hadriani
1875 1911 2165 1953 Pontificishoe

1143 1968 1301 2007 nomine
1328 1963 1482 2006 secundi
1511 1963 1650 2012 Legati
1687 1963 1710 2003 a
1736 1963 1860 2004 latere
1878 1989 1893 2011 ς,
1931 1966 2121 2005 Donatus
2149 1992 2165 2013 -,

1144 2015 1350 2067 Episcopus
1386 2014 1569 2059 Ostiensis
1593 2041 1607 2062 a
1644 2017 1683 2055 ὅ(
1720 2017 1918 2071 Maximus
1958 2019 1998 2058 3.
2034 2018 2080 2057 R.
2117 2019 2163 2059 E.

1143 2072 1376 2117 Diaconus,
1403 2068 1545 2120 quibus
1563 2070 1722 2109 tertium
1739 2070 1899 2109 sociavit
1917 2069 2161 2118 Stephanum

1144 2117 1388 2171 Episcopum
1422 2118 1687 2168 Nepefiimm,
1722 2123 1764 2162 in
1802 2121 1994 2163 Concilio
2022 2126 2163 2172 pariter

1142 2171 1399 2216 interfuerunt
1428 2174 1444 2221 (
1466 2185 1509 2213 ut
1526 2171 1673 2220 refert,
1701 2175 1771 2224 qui
1788 2172 1917 2223 “etiam
1943 2173 2118 2216 interfuit
2145 2201 2162 2223 ‚

1142 2224 1360 2267 Anastafius
1389 2228 1428 2269 S.
1447 2225 1493 2266 R.
1510 2227 1556 2266 E·
1574 2225 1915 2274 Bibliothecarius)
1934 2228 2071 2278 Legati
2082 2228 2163 2268 duo

1142 2277 1166 2318 a
1192 2278 1395 2320 Ludovico
1416 2275 1584 2318 secundo
1601 2277 1828 2328 Occidentis
1852 2281 2087 2326 Imperatore
2111 2281 2166 2321 di.

1143 2331 1257 2372 recti.
1286 2328 1458 2370 Aetione
1480 2333 1644 2380 quinta,
1673 2328 2031 2379 sexta&septima,
2061 2332 2162 2373 Pho-

1136 2386 1219 2424 tius
1240 2385 1383 2422 invitus
1407 2384 1484 2423 inS
1515 2381 1659 2421 nodum
1672 2380 1763 2430 juss'u
1779 2380 1903 2422 Basilii
1917 2382 1970 2422 est
1984 2385 2163 2426 introdu-

1142 2434 1226 2476 &us
1255 2447 1457 2484 tamquam
1501 2435 1606 2474 aicus
1634 2458 1650 2480 a
1681 2436 1749 2485 qui
1775 2432 1865 2477 cum
1893 2435 2036 2477 baculo
2064 2440 2164 2478 inni-

1142 2498 1211 2527 xus
1242 2485 1501 2537 ingrederetur
1524 2510 1539 2531 ³
1567 2483 1679 2533 jussus
1705 2485 1758 2526 est
1786 2486 1809 2526 τὶ
1845 2488 2024 2528 Maximo
2056 2489 2162 2541 Apo-

1142 2538 1283 2579 stolico
1314 2539 1464 2589 Legato
1489 2535 1601 2578 illum
1628 2538 1822 2579 dimittere
1840 2564 1856 2586 3
1884 2541 1993 2590 quod
2016 2539 2163 2591 signum

1142 2588 1233 2631 esset
1263 2590 1492 2638 Pastorali52,
1516 2603 1595 2639 qua
1609 2604 1692 2631 erat
1710 2590 1914 2641 indignus,
1943 2593 2163 2636 authorita-

1142 2646 1192 2683 tis
1209 2671 1218 2681 .
1246 2641 1391 2683 Pluries
1404 2646 1665 2692 interrogatus
1680 2668 1693 2690 ³
1726 2648 1802 2682 hoc
1826 2658 1946 2684 unum
1962 2648 2160 2694 impuden-

1141 2707 1201 2735 ter
1223 2693 1418 2743 respondit
1434 2723 1444 2739 ‚
1474 2692 1511 2736 se
1540 2693 1684 2737 Christi
1698 2696 1877 2743 exemplo
1890 2709 2044 2744 tacere2
2071 2697 2160 2739 cum

1141 2747 1374 2797 judicaretur
1393 2775 1403 2786 .
1430 2744 1468 2787 A
1497 2747 1674 2787 Patribus
1701 2748 1794 2797 ergo
1823 2749 2042 2796 approbata
2072 2746 2160 2793 sunt

1142 2802 1276 2839 omnia
1295 2799 1548 2849 Synodorum
1575 2796 1642 2838 sub
1667 2799 1822 2850 Ignatio
1845 2799 2007 2848 primum
2022 2801 2162 2849 ,dein-

1141 2852 1189 2892 de
1215 2849 1282 2891 sub
1310 2850 1486 2894 Nicolao
1515 2848 1706 2890 Pontifice
1733 2851 1850 2898 acta,
1879 2851 2089 2903 omnesque
2116 2857 2159 2896 in

1144 2903 1331 2944 Photium
1363 2903 1522 2951 prolatae
1559 2901 1784 2942 sententiae.
1825 2905 2067 2946 Gestavero
2091 2921 2157 2956 per

1142 2955 1328 2996 Photium
1349 2954 1501 3006 ejusque
1520 2952 1873 3005 Pseudo-synodum
1900 2956 2092 3008 abrogata
2119 2963 2160 3000 &

1143 3007 1348 3048 damnata.
1375 3008 1456 3060 Qu
1475 3006 1620 3048 Photio
1641 3004 1892 3056 adheserant,
1921 3013 2159 3056 poenitentes

1142 3062 1182 3100 in
1210 3056 1425 3099 contessum
1454 3057 1597 3100 admissi
1636 3056 1744 3103 sunt5
1771 3061 1826 3099 &¹
1845 3060 1930 3109 post
1966 3064 2160 3110 injunctas

1174 3109 1327 3166 uasd-am
1364 3114 1564 3152 orationes
1598 3113 1638 3151 δε
1663 3113 1840 3158 jejunia-2
1868 3126 2000 3160 pacem
2027 3116 2162 3158 Eccle-

1142 3125 1219 3211 ξε,
1248 3163 1381 3204 solutis
1400 3176 1485 3215 quae
1503 3176 1783 3203 contraxerant
1810 3164 2124 3208 anathematibus
2141 3193 2158 3216 2

1141 3227 1396 3263 acceperunt.
1415 3219 1680 3258 Veruntamen
1689 3229 1798 3255 anno
1816 3216 1967 3258 demum
1977 3220 2157 3271 878.quo

1145 3269 1318 3317 ignatius
1348 3271 1428 3308 vita
1462 3267 1592 3314 cessit,
1621 3265 1744 3307 sedem
1771 3268 1967 3315 pristinam
1994 3270 2158 3313 Photius

1141 3322 1412 3368 recuperavit,
1442 3318 1616 3360 &Basilio
1635 3333 1861 3360 revocatus.
1887 3323 2011 3371 Hujus
2048 3326 2154 3366 certe

1142 3372 1368 3412 nullatenus
1399 3369 1571 3415 excusari
1589 3371 1779 3411 restitutio
1802 3373 1951 3421 potest,
1978 3374 2158 3419 adversus

1141 3422 1258 3475 usque
1285 3423 1384 3463 adeo
1402 3422 1655 3473 perniciosum
1665 3425 2157 3469 &inemendabilemschis-

1140 3479 1324 3516 inaticum
1336 3502 1350 3519 ‚
1378 3479 1446 3527 qui
1474 3488 1535 3517 tor
1554 3475 1658 3516 mala
1674 3489 1940 3526 perpetrarat,
1957 3481 1997 3519 δε
2016 3479 2156 3530 quide-

1141 3532 1273 3577 inceps
1300 3525 1508 3568 Ecclesiam
1537 3529 1614 3568 Dei
1636 3531 1679 3568 in
1709 3528 1832 3570 multa
1865 3527 2002 3571 saecula
2021 3530 2156 3579 prosci-

1143 3582 1199 3622 dit
1224 3593 1263 3620 at
1295 3593 1341 3620 ue
1367 3575 1641 3628 pessumdedit:
1667 3579 1830 3630 Ioannis
1858 3584 2000 3629 pariter
2023 3582 2153 3624 octavi

1143 3635 1263 3676 Ponti
1293 3634 1347 3673 cis
1372 3629 1800 3680 Rormanifacilitasjure
1817 3633 2053 3684 redarguitur
2064 3638 2155 3683 ,·qui

1715 3683 1785 3727 Aa
1995 3683 2107 3726 missis
