2430 3958
0 0 147 82 π’·
244 0 401 73 v

353 187 779 280 Concilium
801 177 1285 275 Narliofiense
1310 242 1335 291 ‚-
1395 216 1503 272 an.
1528 218 1549 268 1
1575 185 1763 283 609ss

0 321 27 523 {l
53 316 1071 428 animumanimumum&

51 448 493 527 ,CONCILIUM
528 445 1034 492 NARBONENSE·

0 544 2 551 s
445 503 529 541 anni
556 501 667 550 1609.

9 649 10 652 Ἴ
58 609 97 640 1.
118 602 254 692 Tlt.
269 599 423 641 XXVI.
451 599 497 638 de
514 599 731 646 Episcopis.
759 596 923 640 Primum
942 600 980 637 in
985 599 1074 649 san-

13 669 15 672 ·
229 652 296 691 His
320 649 611 688 meditationibus
634 650 674 693 ζῇ·
698 647 912 687 orationibus
938 660 1074 689 certam

0 734 6 751 ff
47 699 118 748 fibi
148 702 307 751 quotidie
322 697 572 747 horamsumat
589 696 785 747 Episcopus
797 724 810 744 ,
835 711 942 746 quam
957 702 994 737 in
1003 697 1073 745 siu-

0 770 5 799 3
54 750 116 788 dio
134 754 173 798 (ς
193 752 445 790 exercitatione
471 749 678 797 divinarum
687 747 1011 794 contemplationum
1020 752 1073 787 in.

0 803 3 838 ἔ
50 797 198 848 sumat:
224 803 260 838 in
274 798 394 849 quihus
413 799 494 836 Deo
507 811 573 835 non
590 807 658 846 pro
669 794 710 843 se
731 794 871 834 tantum
887 822 900 843 ,
922 796 991 843 sed
1007 810 1072 847 pro

0 847 10 906 ξ
49 844 224 897 fidelibus
242 850 310 896 fibi
320 847 499 893 commiffis
506 859 629 897 preces
645 844 785 894 fundat
799 846 979 885 humiliter
995 874 1009 894 ‚
1034 858 1073 885 ut

55 898 152 946 quod
168 901 205 936 in
224 898 309 949 ipsis
326 896 539 945 confraiium
560 894 608 944 est
618 922 631 943 ,
658 894 788 932 divina
806 896 962 934 bonitate
989 897 1074 935 alli-

0 971 20 979 ν
48 958 157 997 getur
171 974 185 994 ,
208 949 303 1000 quod
316 946 524 996 languidum
539 945 585 991 esi
595 971 610 992 ,
630 942 802 992 sanetur3
826 945 1004 992 perditum
1016 960 1072 985 re.

0 1000 11 1041 ,ἶ
51 1009 203 1047 paretur
217 1013 236 1048 ;
259 997 401 1049 &quod
409 997 528 1035 bonum
537 994 583 1040 esi
598 1020 613 1041 ‚
636 994 858 1041 conservetur
873 1021 882 1030 .
910 995 1072 1045 Singulis

3 1059 18 1082 si
56 1046 185 1086 diebus
198 1048 253 1086 ad
262 1050 448 1096 vesperam
461 1046 581 1084 boram
598 1043 751 1092 designet
763 1070 777 1090 ,
801 1043 987 1094 quasnam
1005 1048 1074 1093 fa.

0 1092 10 1145 ξ
56 1097 194 1135 milium
214 1100 252 1137 in
268 1096 440 1145 sacellum
456 1092 676 1140 domesticum
702 1104 766 1130 aut
779 1097 969 1132 oratorium
995 1109 1075 1134 con.

0 1146 15 1186 3
54 1158 156 1185 vocet
171 1173 186 1194 ‚
209 1148 268 1185 ubi
277 1143 350 1197 ipso
362 1145 531 1195 praesente
547 1170 561 1190 ,
579 1143 611 1188 si
633 1157 698 1180 non
711 1142 906 1191 impeditus
918 1144 967 1190 sit
980 1171 993 1191 ,
1019 1158 1074 1183 re.

58 1199 170 1236 citari
177 1197 300 1245 faciat
315 1197 494 1237 Litanias
507 1197 547 1238 θ’
554 1196 638 1242 pias
649 1194 846 1230 Orationes
862 1203 873 1239 ς
899 1204 972 1231 tum
982 1194 1074 1244 quis·

55 1260 123 1295 que
138 1247 245 1285 breve
255 1257 406 1284 examen
414 1242 628 1290 conscientiae
639 1241 767 1287 efficiat
783 1250 792 1276 ε
816 1254 877 1291 pro
880 1242 987 1291 festi,-
997 1245 1075 1282 die.

53 1297 121 1334 bus
138 1295 254 1342 Miffae
260 1294 394 1343 saltem
403 1290 578 1340 sacrificio
586 1290 721 1337 intersit
734 1291 930 1341 Episcopus
946 1320 958 1339 ‚
976 1293 1008 1339 fi
1021 1297 1075 1344 ip-

3 1397 4 1400 Ἰ
47 1347 92 1394 se
108 1345 286 1382 celebrare
308 1357 371 1382 non
381 1340 478 1391 possit
493 1355 506 1382 .·
534 1342 736 1383 Dominicis
757 1341 843 1379 verb
867 1343 908 1386 ὠ·
924 1343 1074 1392 festivis

50 1394 207 1448 Miffam
219 1392 322 1431 dicat
337 1418 351 1438 ,
374 1388 452 1429 cum
462 1390 535 1441 ipse
539 1390 586 1433 sit
601 1390 789 1439 affumptus
805 1404 849 1428 ex
863 1392 1072 1441 bominibus,

0 1453 10 1464 ¹>
53 1457 94 1486 ue
97 1457 164 1495 pro
170 1445 328 1493 peccatis
345 1441 465 1491 populi
475 1441 535 1489 sui
542 1438 758 1487 sacrificium
773 1440 901 1487 offerat
918 1470 928 1479 .

0 1500 2 1546 J
104 1491 384 1546 Qotiescunque
398 1493 517 1529 munia
532 1488 765 1537 Pontificalia
777 1491 954 1530 exercebit
969 1517 982 1539 ,
1001 1504 1075 1542 pa.

0 1559 5 1587 ι
53 1555 158 1583 ratus
169 1542 317 1581 accedet
332 1568 346 1590 ,
368 1539 442 1591 posi
457 1539 607 1587 Miffam
627 1539 841 1579 celebratam
862 1543 900 1579 in
918 1540 992 1588 fine
1015 1555 1075 1580 ex-

0 1611 10 1645 3·
49 1593 172 1646 presse
182 1592 314 1638 orabit,
324 1601 363 1630 ut
374 1590 439 1639 fibi
449 1588 572 1639 prasio
580 1588 629 1635 sit
643 1590 722 1628 Dei
729 1593 856 1638 gratia
869 1592 906 1629 in
921 1591 990 1629 tali
1003 1606 1077 1630 mu·

11 1691 15 1695 ,
53 1656 135 1683 nere
149 1642 303 1682 obeundo
316 1655 335 1690 ;
360 1651 399 1679 ut
412 1640 498 1678 vero
510 1639 658 1689 populus
669 1638 846 1685 ministerii
857 1640 903 1677 ab
919 1654 955 1679 eo
965 1652 1075 1690 pera·

46 1693 160 1744 gendi
174 1720 186 1740 ‚
209 1691 372 1741 illiusque
389 1689 614 1737 institutionis
627 1689 756 1739 causas
770 1689 912 1729 odorari
934 1690 1030 1740 possit
1057 1718 1071 1739 ‚

24 1752 27 1753 ’
48 1741 259 1794 priusquam
267 1755 312 1780 ea
322 1743 443 1779 munia
452 1738 685 1788 aggrediatur
695 1739 908 1789 Episcopus,
921 1740 1066 1788 easdem

18 1827 24 1844 s
48 1794 155 1833 brevi
165 1792 221 1831 ad
225 1791 390 1843 populum
401 1790 528 1828 habita
536 1793 688 1828 concione
698 1789 891 1840 explicabit
905 1818 914 1826 .

103 1844 308 1881 canonicas
321 1841 447 1878 Horas
455 1838 618 1884 diffiniit*
631 1840 671 1884 ὅ
689 1840 826 1879 attente
838 1865 852 1885 ,
868 1838 902 1884 fi
917 1853 978 1877 non
996 1852 1075 1877 cum

25 1898 29 1900 ’
53 1892 178 1941 choro,
204 1891 307 1943 apud
315 1889 355 1939 se
363 1892 512 1928 recitent
528 1887 695 1939 Episcopi
712 1888 820 1935 fiatis
834 1890 928 1927 boris
944 1915 957 1936 ‚
983 1903 1075 1939 quas

46 1941 291 1994 preveniendo
297 1939 415 1991 potitis
427 1942 535 1988 quam
544 1938 727 1977 tardando
732 1938 930 1989 persolvere
938 1939 1077 1977 debent.

105 1992 265 2040 Singulis
287 1991 414 2029 diebus
425 1988 528 2036 feliis
538 1991 578 2031 (5
593 1989 806 2030 Dominicis.
820 1990 856 2025 in
889 1989 989 2026 choro
1003 1989 1078 2027 Di-

52 2044 153 2081 vinis
164 2041 320 2087 Officiis,
329 2039 461 2087 saltem
478 2037 593 2084 Miffae
603 2040 643 2080 (5
658 2036 737 2083 Ves
729 2039 829 2085 peris
843 2038 1002 2084 interfint
1021 2065 1031 2075 .

102 2091 208 2136 Offici
215 2093 327 2134 arios,
342 2090 382 2131 ὅ
393 2089 547 2124 maxime
558 2084 746 2131 Officiales
760 2099 803 2121 ac
819 2088 1042 2124 Promotores
1063 2113 1078 2133 ,

27 2139 270 2189 ‘'virosproba
279 2141 362 2176 vita
377 2138 417 2180 ὅ
431 2135 594 2174 doctrina
606 2133 799 2183 conspicuos
812 2131 998 2179 instituam
1009 2162 1023 2181 ‚
1037 2147 1077 2173 ut

22 2187 79 2240 (fi
90 2188 351 2239 aliquantulum
359 2188 396 2224 in
406 2185 434 2232 s
428 2188 556 2223 cientia
571 2181 742 2229 deficiant
752 2211 768 2232 ‚
793 2182 888 2223 illud
901 2186 1079 2236 vitaepro·

51 2240 167 2278 bitate
183 2241 221 2280 (3⁹
236 2237 439 2282 integritate
453 2231 668 2280 compensent
686 2259 696 2267 .

103 2287 133 2326 S
136 2300 153 2326 e
167 2285 297 2331 faciles
312 2282 527 2321 adeuntibus
538 2281 720 2331 prebeant
732 2305 747 2325 ,
768 2277 965 2327 prasertim
985 2282 1073 2318 vero

15 2365 19 2372 .
49 2334 334 2386 conquerentibus
344 2333 390 2370 de
413 2332 552 2379 injuriis
570 2333 721 2378 receptis
742 2354 755 2375 ,
780 2327 1076 2367 denunciantibus

55 2399 102 2425 ex
111 2387 292 2424 charitate
301 2381 464 2433 defeiius
480 2380 705 2429 subditorum
718 2386 990 2428 quorumeunque
1003 2406 1016 2425 ‚
1035 2381 1076 2423 (9¹

51 2447 249 2487 pauperum
258 2433 419 2481 miserias
432 2430 493 2469 vel
506 2428 717 2478 Infirmorum
733 2427 870 2466 dolores
884 2426 1076 2465 declaran.

55 2486 150 2526 tibus
165 2499 183 2534 ;
207 2483 333 2534 quibus
343 2485 396 2520 ita
403 2491 562 2529 paterna
573 2479 756 2517 dileiiione
770 2477 986 2526 provideant
1001 2504 1014 2524 ,
1035 2488 1074 2516 ut

50 2535 236 2584 egentibus
261 2533 386 2580 largas
410 2529 645 2578 ,εἱεὲηιοβηας
670 2527 860 2567 concedant
880 2552 894 2572 ,
918 2529 1075 2566 inimicos

54 2584 274 2624 reconcilient
289 2610 303 2630 ,
326 2579 481 2629 infirmos
492 2581 631 2625 visitent
644 2605 657 2624 ,
667 2577 786 2629 quibus
797 2576 826 2624 s
820 2576 964 2613 anetam
974 2577 1075 2615 bene-

55 2636 242 2674 dic‘iionem
255 2631 478 2672 concedendo
495 2629 695 2674 &dolorem
719 2625 913 2672 levabunt,
941 2629 980 2670 &⁵
996 2627 1074 2674 sor.

20 2696 26 2705 ’
50 2685 120 2737 san
134 2697 178 2723 ex
193 2682 307 2723 DEI
314 2682 467 2719 bonitate
473 2678 669 2727 sanitatem
682 2676 882 2721 restituent.

107 2735 293 2772 Convivia
314 2745 377 2769 non
391 2730 538 2778 faciant
546 2728 752 2778 frequentia
766 2753 781 2773 ,
806 2725 1006 2763 alaicorum
1020 2727 1075 2763 ni..

53 2789 129 2825 mia
134 2783 395 2830 familiaritate
415 2778 610 2824 abstineant
634 2804 647 2824 ,
672 2790 713 2814 ne
722 2776 771 2822 sic
786 2775 995 2823 dignitatem
1009 2778 1073 2815 im-

57 2839 214 2876 minuant
233 2858 246 2879 ‚
265 2831 335 2879 sed
353 2842 485 2878 tempus
493 2841 559 2878 pro
575 2829 823 2866 exercitatione
837 2824 1075 2872 affumendum

51 2886 235 2938 sacrorum
252 2879 562 2920 librorumteetioni
579 2880 617 2920 (5
629 2879 701 2926 piis
715 2877 887 2914 bominum
902 2874 1074 2924 colloquiis

59 2931 267 2984 impendant
281 2957 295 2978 ,
315 2929 517 2981 petentibus
537 2928 690 2966 maximi·
707 2925 878 2973 confilium
891 2924 977 2962 dent
995 2950 1009 2971 ,
1034 2925 1074 2968 (ς

59 2983 212 3033 affliclos
229 2982 370 3028 benigne*
385 2977 614 3027 consolentur.

110 3035 158 3072 In
186 3032 346 3073 domibus
380 3028 452 3077 suis
471 3027 635 3074 foeminas
660 3039 722 3064 non
747 3022 943 3061 admittant
965 3035 976 3060 :
1013 3021 1077 3060 do-

58 3082 212 3128 mesticos
239 3082 287 3120 de
310 3080 387 3131 fide
413 3076 495 3118 bene
510 3076 703 3126 sentientes
725 3101 739 3121 ,
765 3071 928 3117 modestos
944 3072 1073 3121 &pios

55 3134 216 3175 'babeant
236 3158 250 3178 ,
274 3146 353 3181 quos
371 3128 478 3180 semel
506 3131 542 3165 in
566 3124 678 3174 mense
705 3121 855 3170 confiteri
882 3122 1076 3169 &sacram

60 3180 329 3226 Eucharisiiam
350 3181 486 3230 sumere
509 3184 689 3227 procurent
713 3183 723 3210 :
756 3175 796 3216 (5¹
822 3172 997 3209 lec‘lionem
1012 3170 1077 3218 sa·

57 3246 195 3275 crorum
218 3230 385 3270 librorum
409 3233 445 3269 in
471 3225 588 3275 mensa
620 3236 687 3274 per
724 3223 903 3260 Clericum
934 3223 1077 3268 facien·

32 3284 39 3322 7
59 3283 152 3324 dam
164 3308 176 3319 .

35 3326 37 3332 ⁴
55 3352 62 3355 ¹
115 3329 269 3379 Frugali
286 3327 404 3378 mensa
424 3330 464 3372 <5
499 3326 666 3368 mediocri
687 3321 898 3372 supellectili
923 3322 1076 3358 contenti

35 3384 125 3436 ‘isim
159 3378 327 3430 Episcopi
352 3393 365 3418 .·
402 3390 508 3430 atquc
535 3381 569 3415 in
594 3375 725 3423 reliquo
744 3375 833 3425 pita·
852 3382 977 3420 genere
993 3369 1077 3417 sru-

42 3434 245 3484 {galitatem
271 3428 444 3478 fec'lentur
477 3429 517 3472 (5
544 3425 823 3464 mediocritatem
846 3435 862 3469 ,·
903 3430 1078 3457 caveant-

32 3479 127 3534 ‘ique
143 3508 156 3529 2
185 3493 226 3519 ne.
248 3479 336 3527 quid
363 3481 398 3517 in
423 3487 497 3515 tota
518 3471 665 3525 familia
683 3470 753 3520 sua
781 3471 827 3507 ab
865 3470 923 3508 boc
947 3467 1077 3515 sancio

38 3531 216 3579 Dinsiituto
245 3529 403 3566 alienum
426 3536 604 3576 appareat
630 3551 646 3572 ,
678 3521 838 3572 quodque
867 3519 1075 3567 fimplicita-

35 3572 132 3624 {tem
148 3608 162 3628 ,
185 3581 357 3629 pietatem
372 3604 386 3627 ‚
411 3577 530 3617 divini
552 3575 667 3616 cultus
689 3571 854 3610 ardorem
870 3595 884 3616 ,
909 3573 948 3613 i&
969 3571 1075 3607 uani·

1912 212 1942 283 5
1963 198 2016 270 6
2022 217 2072 285 ψς1

1115 315 1130 344 t
1157 316 1227 346 tem
1254 304 1442 355 mundique
1467 311 1697 350 contemptum
1723 313 1786 338 non
1815 308 1889 350 prae
1918 298 1961 347 se
1984 301 2088 354 ferat
2114 314 2124 340 :

1111 319 1199 400 libat
1219 358 1309 394 enim
1327 352 1494 403 sordidis·
1510 353 1550 395 ὅ
1566 350 1756 388 maculatis
1778 348 1926 395 vestibus
1948 349 2052 388 indui
2064 364 2128 390 non

1114 404 1161 451 esi
1183 407 1383 444 conveniens
1405 430 1418 451 ‚
1455 405 1510 441 ita
1536 399 1696 450 pretiofis
1722 401 1763 443 <05
1787 400 1952 449 profanis
1974 410 2037 438 aut
2058 413 2129 439 va-

1118 456 1168 495 rii-
1190 457 1360 495 contextis
1378 455 1431 493 uti
1457 463 1521 490 non
1535 449 1637 489 decet
1651 477 1663 487 .
1692 448 1779 489 Nan
1801 451 1837 486 in
1859 449 2038 501 publicum
2049 459 2127 498 pro.

1116 506 1227 544 deant
1247 503 1322 551 fine
1347 504 1461 542 talari
1487 502 1608 540 tunica
1635 499 1675 543 ὅ
1692 499 1828 537 roebeto
1856 526 1864 535 .
1889 498 2015 547 Juxta
2039 504 2127 538 teni-

1113 567 1235 605 porum
1251 555 1293 600 (5
1316 554 1467 594 locorum
1484 552 1639 589 rationes
1653 547 1848 594 vestiantur
1863 547 2014 596 modeste
2029 574 2043 596 ,
2070 551 2128 587 ita

1115 616 1155 643 ut
1175 608 1399 654 gravitatem
1419 602 1568 651 sapiant
1584 626 1597 647 ,
1623 598 1695 648 (ive
1718 601 1754 636 in
1772 597 1934 648 publico,
1956 596 2031 643 five
2050 601 2131 648 pri.

1114 659 1232 693 vatim
1254 682 1267 704 ‚
1287 652 1365 701 five
1388 656 1424 691 in
1449 654 1573 689 itinere
1588 676 1602 696 ,
1623 647 1701 694 sive
1724 651 1761 686 in
1782 649 1933 686 civitate
1954 650 2127 697 ,semper

1113 709 1149 745 in
1167 720 1203 744 eo
1224 706 1349 743 babitu
1375 705 1415 748 (⁴5
1438 700 1560 750 forma
1586 698 1753 738 incedant
1781 723 1795 745 ,
1829 711 1894 747 quo
1926 708 2128 746 appareant

1113 756 1361 804 &judicentur
1389 750 1556 802 Episcopi
1583 747 1812 793 .*Tonsuram
1830 746 1969 796 semper
2000 747 2129 795 conspi-

1112 821 1214 845 cuam
1224 814 1355 854 gerant
1382 805 1417 842 in
1435 804 1551 850 capite
1570 798 1800 847 grandiorem
1821 796 1929 835 multo
1943 798 2053 845 qutim
2066 809 2131 833 eae-

1112 860 1180 895 teri
1194 855 1378 903 inferiores
1404 850 1620 890 Sacerdotes
1636 873 1650 894 ,
1674 858 1845 897 tanquam
1866 848 1894 884 ἁ
1916 848 2130 883 terreniscu.

1112 909 1165 944 ris
1188 907 1297 953 magis
1319 901 1495 950 abstralli
1511 927 1521 938 .
1549 897 1683 946 Populo
1693 894 1829 945 semper
1846 895 2014 944 sanilam
2029 894 2131 932 bene-

1113 956 1299 995 diilionem
1320 955 1593 1001 impertiantur,
1618 946 1705 984 dum
1719 957 1785 995 per
1814 948 2002 985 civitatem
2024 971 2039 993 ,
2065 955 2130 984 aut

1115 1004 1284 1049 dioecesim
1306 1003 1495 1041 incedunt.

1176 1055 1349 1095 Picturas
1379 1063 1494 1089 omnes
1526 1045 1688 1098 profana
1717 1043 2009 1096 repraesentantes
2034 1044 2133 1084 domi

1113 1120 1176 1144 non
1191 1107 1369 1142 retineant
1385 1128 1397 1147 ,
1422 1100 1486 1150 obs
1483 1110 1599 1137 coenas
1609 1094 1742 1135 omnino
1765 1097 1930 1145 rejiciant
1952 1119 1965 1138 ,
1999 1094 2127 1144 easque

1113 1153 1253 1195 tantu‘m
1274 1151 1429 1190 babeant
1449 1176 1463 1198 ,
1489 1159 1564 1200 quae
1591 1146 1644 1184 ad
1666 1149 1841 1195 pietatem
1862 1154 2057 1194 provocant
2080 1148 2132 1184 in.

1113 1216 1245 1246 tuentes
1260 1231 1267 1240 .

1166 1256 1268 1306 ‚Qos
1289 1249 1466 1289 habebunt
1482 1247 1577 1286 domi
1599 1245 1759 1283 Clericos
1775 1268 1788 1290 ,
1814 1256 1876 1281 non
1898 1241 1960 1291 niffi
1979 1243 2130 1282 clerica·

1113 1306 1140 1345 li
1159 1308 1198 1349 (5
1212 1303 1349 1342 decenti
1368 1299 1493 1337 babitu
1514 1300 1566 1335 uti
1586 1297 1821 1344 permittant,
1846 1292 1989 1342 illosque
2003 1307 2065 1330 non
2076 1305 2131 1331 re·

1114 1359 1251 1395 tineant
1262 1349 1324 1395 nisi
1336 1349 1400 1398 [int
1422 1349 1515 1386 bonae
1529 1343 1799 1392 existimationis
1813 1371 1822 1382 .
1850 1344 1975 1391 Opera
1999 1341 2132 1385 miseri-

1114 1404 1241 1444 cordiae
1244 1399 1453 1448 frequenter
1471 1404 1659 1436 exerceant
1673 1419 1684 1438 ,
1710 1403 1747 1429 ut
1754 1392 1781 1438 s
1779 1392 1886 1429 aneta
1895 1390 2048 1437 convers
2044 1393 2132 1428 atio-

1115 1468 1157 1494 ne
1171 1451 1268 1504 quasi
1280 1447 1531 1498 Episcoporum
1542 1442 1650 1491 testes
1655 1441 1726 1488 sint
1747 1443 1787 1485 (θ’
1802 1443 1999 1478 imitatores
2014 1454 2023 1478 :
2049 1454 2137 1488 quo-

1114 1518 1191 1544 rum
1205 1514 1306 1541 unum
1315 1498 1423 1548 super
1440 1494 1644 1546 familiiam
1665 1489 1882 1538 constituant
1905 1517 1917 1536 ‚
1944 1493 2004 1538 qui
2027 1489 2135 1528 laico·

1115 1569 1192 1593 rum
1201 1547 1464 1598 domesticorum
1474 1544 1625 1583 actiones
1633 1540 1876 1590 percunctetur
1890 1566 1904 1583 ‚
1929 1542 1969 1583 (5
1984 1539 2129 1586 videat,

1116 1618 1196 1643 num
1218 1598 1358 1651 aliquid
1369 1607 1500 1647 praeter
1527 1593 1728 1632 decentiam
1751 1586 1786 1626 C
1789 1587 1968 1635 hristianae
1991 1600 2136 1627 conver.

1110 1655 1258 1706 sationis
1268 1661 1333 1700 per
1359 1656 1470 1685 errent
1487 1671 1499 1691 ‚
1525 1646 1564 1687 ὼ*
1580 1642 1826 1688 delinquentes
1848 1640 1998 1686 corrigat
2022 1653 2037 1678 :
2066 1649 2131 1675 non

1116 1707 1207 1744 enim
1218 1702 1287 1750 fas
1299 1659 1355 1747 esst²
1373 1702 1409 1737 in
1425 1694 1494 1733 tali
1505 1691 1653 1744 familia
1664 1685 1894 1739 scandalosos
1909 1713 1924 1735 ,
1948 1698 2012 1726 aut
2025 1688 2134 1726 ullius

1115 1755 1268 1794 criminis
1274 1747 1448 1798 suspet‘ios
1462 1745 1553 1792 effe:
1578 1741 1659 1780 ideo
1676 1747 1842 1777 errantes
1866 1749 1930 1786 per
1948 1737 1987 1784 se
2005 1736 2132 1786 severe

1115 1806 1310 1853 reprimant
1329 1793 1493 1846 Episcopi
1507 1819 1520 1839 ,
1534 1794 1727 1842 pertinaces
1740 1787 1932 1825 excludant
1943 1788 1961 1826 ὲ
1963 1787 2132 1834 familia,

1117 1861 1319 1902 aegrotantes
1333 1852 1422 1886 omni
1432 1842 1671 1894 sollicitudine
1692 1841 1731 1882 (⁴5
1748 1841 1883 1886 pietate
1901 1848 2046 1884 curent,
2072 1851 2132 1876 nec

1114 1901 1310 1956 sumptibus
1323 1906 1476 1947 parcant
1492 1922 1500 1930 .

1169 1955 1333 1992 Gravem
1351 1946 1502 1996 aliquem
1513 1941 1711 1989 sacularem
1721 1941 1760 1983 (5
1772 1937 1965 1986 regularem
1977 1938 2012 1976 C
2014 1934 2122 1983 onses
2116 1959 2131 1966 -

1113 2003 1253 2054 sarium
1271 1999 1400 2045 eligant
1420 2021 1432 2040 ,
1465 1996 1526 2043 qui
1547 1990 1590 2036 fit
1618 1990 1728 2038 sacret
1754 1988 1906 2037 scientia
1927 2013 1940 2033 ,
1978 1985 2132 2036 pruden-

1118 2056 1174 2091 tia
1191 2054 1231 2095 θ
1252 2054 1337 2087 vitae
1353 2043 1549 2092 sanHitate
1568 2039 1734 2087 insignis,
1760 2041 1858 2087 cujus
1875 2036 1995 2084 studio
2004 2037 2132 2084 &pre-

1119 2104 1267 2142 cationis
1278 2097 1411 2149 spiritu
1426 2097 1461 2132 in
1473 2092 1695 2142 gravioribus
1706 2086 1973 2135 difficultatibus
1986 2089 2039 2124 uti
2053 2083 2130 2135 pos-

1136 2163 1189 2191 int
1205 2179 1215 2190 .

1118 2153 1149 2201 s
1166 2196 1346 2247 Capitulis
1365 2191 1652 2241 Metropolitam's
1667 2191 1706 2233 (¹5
1718 2185 1998 2226 Catbedralium
2007 2185 2134 2223 Eccle-

1110 2251 1249 2298 siarum
1270 2247 1494 2296 praecipimus
1509 2269 1522 2289 ,
1546 2239 1724 2288 utstatim
1736 2238 1811 2288 post
1835 2246 1976 2276 mortem
1991 2235 2129 2273 Praela-

1117 2305 1146 2338 ti
1164 2326 1178 2345 ,
1206 2295 1521 2345 Metropolitanum
1539 2293 1578 2333 ὠ·
1595 2287 1819 2338 Coepiscopo:
1839 2286 1903 2335 nos
1898 2298 1964 2323 tros
1989 2298 2132 2323 commo.

1116 2348 1299 2395 nefaciant
1328 2370 1340 2388 ‚
1365 2347 1424 2393 qui
1456 2353 1574 2379 omnes
1585 2338 1732 2389 solemni
1746 2337 1963 2375 -caeremonia
1984 2333 2133 2381 Mtffam

1112 2408 1178 2448 pro
1197 2394 1362 2443 desunbio
1381 2391 1554 2429 celebrari
1571 2387 1743 2424 curabunt
1766 2401 1781 2425 .·
1807 2397 1881 2423 tum
1907 2382 2054 2421 indiciis
2064 2394 2131 2432 pu.

1116 2447 1219 2485 blicis
1236 2438 1553 2492 suppIIcationibus
1584 2437 1706 2475 Deum
1738 2434 2050 2486 deprecabuntur,
2088 2443 2128 2471 ut

1114 2497 1236 2537 orbato
1247 2493 1347 2541 gregi
1366 2490 1454 2529 velit
1469 2489 1578 2542 juxta
1599 2488 1775 2534 corsuum
1803 2483 1993 2533 Pastorem
2017 2493 2133 2521 matu-

1115 2547 1154 2587 re
1177 2542 1379 2584 concedere.

1154 2617 1186 2640 2.
1206 2601 1360 2644 Reliquae
1377 2597 1471 2639 hujus
1487 2592 1892 2630 Conciliiconstitutiones
1908 2589 1963 2624 hic
1970 2587 2134 2624 omittuna

1112 2657 1166 2683 tur
1183 2671 1194 2687 ,
1216 2645 1295 2688 quia
1312 2640 1428 2684 petviae
1446 2637 1691 2682 frequentesque
1708 2636 1826 2670 suntin
1835 2632 1908 2680 aliis
1917 2643 1990 2674 quae
1999 2631 2130 2677 ptaecess

1113 2691 1222 2725 strunt
1241 2699 1252 2720 .·
1273 2684 1359 2719 istud
1376 2681 1458 2716 veri>
1480 2689 1576 2721 caput
1601 2680 1641 2713 de
1668 2675 1838 2720 Episcopis
1862 2673 1991 2708 {00er
2011 2673 2130 2714 selegi.

1113 2742 1186 2765 mus
1202 2741 1241 2763 ea
1261 2729 1300 2760 de
1317 2724 1432 2762 causa,
1453 2721 1531 2764 quia
1550 2729 1654 2768 partes
1671 2719 1773 2753 officii
1791 2715 2041 2792 ⁸{cpiscoporum
2059 2713 2129 2760 [μς.

1112 2771 1227 2808 ciatim
1244 2766 1346 2810 magis
1372 2768 1406 2799 δε
1424 2771 1624 2797 accuratiore
1649 2761 1807 2804 diligenti·
1846 2764 2014 2803 egee-:quitur
2031 2778 2040 2787 .
2062 2755 2129 2787 His

1112 2823 1225 2848 tamen
1241 2808 1484 2850 adiungendam
1501 2804 1690 2846 sequentem
1707 2800 1974 2834 constitutionem
1982 2806 2021 2829 ex
2038 2795 2130 2837 capi,

1113 2865 1146 2891 te
1185 2867 1214 2888 2.
1233 2851 1330 2889 duxi,
1350 2859 1417 2891 qua.
1435 2845 1589 2888 prudenti
1607 2843 1758 2877 cautione
1775 2838 1964 2882 providetur
1980 2860 1993 2877 ,
2013 2847 2055 2870 ne
2073 2837 2128 2871 be.

1113 2865 1309 2932 neficiorum
1326 2892 1413 2924 bona
1430 2886 1589 2924 mobilia,
1610 2885 1693 2917 inter
1702 2893 1775 2925 quae
1783 2882 1901 2915 chartae
1912 2877 2127 2912 &fundatio-

1114 2950 1196 2974 num
1213 2936 1424 2970 instrumenta
1442 2928 1574 2970 aliaque
1582 2925 1639 2960 stri
1663 2934 1698 2959 ta
1714 2934 1785 2966 jura
1802 2921 1962 2964 praecipue
1981 2919 2128 2962 specstan-

1115 2980 1260 3016 dasum,
1282 2974 1504 3019 disperdantur
1523 2978 1581 3003 aut
1598 2967 1631 3001 di
1660 2967 1816 3003 rahantur
1832 2963 1869 3000 in
1884 2962 1968 2997 ceffu
1985 2970 2045 2995 aut
2069 2962 2129 2996 de-

1115 3022 1196 3058 ceffu
1206 3017 1491 3054 beneficiariorum
1502 3035 1512 3044 .

1168 3075 1186 3111 3
1219 3064 1315 3108 Cap.
1340 3055 1495 3096 XXXI.
1533 3051 1597 3091 De
1629 3049 1830 3090 Beneficiis
1847 3045 2090 3085 conferendis
2116 3072 2128 3082 .

1116 3111 1352 3158 Pro-visionem
1363 3102 1517 3151 beneficii
1529 3104 1734 3150 recipientes
1744 3093 1897 3147 ejusdem
1903 3094 2129 3145 possessionem

1115 3165 1240 3211 adepti
1260 3186 1274 3206 ,
1299 3155 1472 3195 mobilium
1493 3152 1546 3190 ad
1568 3149 1768 3197 beneficium
1795 3148 2042 3196 pertinentium
2059 3141 2128 3191 fie-

1114 3217 1147 3252 ri
1164 3207 1402 3251 inventarium
1421 3201 1656 3252 procurabunt
1675 3225 1690 3246 ,
1709 3197 1856 3247 scientes
1878 3222 1892 3242 ‚
1925 3195 1962 3244 se
1981 3196 2093 3237 teneri
2110 3220 2128 3242 ,

1110 3273 1215 3312 prout
1231 3255 1392 3309 praesenti
1414 3253 1552 3291 decreto
1567 3250 1762 3299 statuimus
1777 3273 1789 3293 ‚
1816 3249 1857 3290 ὡ·
1885 3245 2085 3283 ordinamus
2112 3265 2128 3291 ,=

1115 3311 1210 3363 quod
1227 3305 1425 3354 beneficiati
1445 3300 1669 3351 cujuscunque
1697 3295 1855 3344 beneficii
1881 3294 2088 3332 decedentes
2110 3317 2126 3340 ,

1114 3361 1329 3409 resignantes
1349 3381 1362 3400 ,
1389 3362 1452 3390 aut
1476 3359 1720 3401 permutantes
1748 3373 1762 3394 ‚
1789 3345 1915 3384 eadem
1941 3343 2082 3382 mobilia
2109 3369 2127 3390 ,

1114 3424 1188 3462 quae
1205 3409 1257 3446 ad
1273 3402 1474 3451 beneficium
1499 3402 1674 3450 pertinent
1696 3422 1709 3444 ,
1736 3394 1981 3445 successoribus
2015 3392 2126 3429 relin·-

1114 3470 1249 3512 quant:
1274 3456 1327 3494 ad
1343 3452 1436 3504 quod
1447 3452 1562 3488 omm’a
1579 3450 1619 3491 ὼ·
1632 3457 1837 3496 quacunque
1852 3445 1941 3482 bona
1961 3441 2127 3489 defundit·

1114 3521 1178 3548 aut
1197 3508 1356 3546 cedentis
1373 3499 1572 3546 beneficium
1589 3498 1743 3545 obligata
1772 3503 1939 3533 maneant
1961 3505 1970 3531 :
1995 3501 2070 3528 tum
2085 3498 2129 3529 ut

1104 3561 1218 3609 fraus
1229 3558 1334 3597 omnis
1350 3556 1485 3592 vitetur
1499 3576 1513 3597 ,
1538 3547 1698 3596 defundit*
1708 3543 1906 3592 beneficiati
1924 3542 2046 3586 bona„
2062 3553 2131 3599 ‘re-

2009 3603 2086 3642 cm-
