2430 3958
657 233 663 239 .-
730 173 808 252 H
815 169 1102 251 istorica

85 286 202 330 'edidit
213 287 234 326 ὲ
245 285 440 328 Gratiano
458 286 684 334 relatum-,e-
693 287 734 327 in
749 286 937 338 synodo,
964 281 1107 336 diffl93.

85 343 172 391 'quo
190 337 358 381 defertur
377 338 495 386 plena
515 337 733 380 authoritas
749 339 901 381 Othoni
914 364 930 387 ‚
956 334 1108 389 ejusque

81 393 127 432 in
144 405 264 442 regno
283 389 402 432 Italiae
419 388 714 439 succefforibus‚
739 391 906 442 eligendi
921 405 968 431 ac
986 391 1108 431 nomi-

83 443 204 484 nandi
221 443 402 493 deinceps
422 439 609 483 summum
620 441 850 485 Pontificem
858 460 871 489 5
897 455 1106 498 quameun-

80 506 159 545 que
177 495 272 534 vero
292 496 402 542 Papae
421 494 654 535 elecstionem
681 496 703 537 a
721 495 846 537 Clero
876 495 1107 545 populoque

79 548 450 596 invitoImperatore
476 544 621 588 saetam
644 551 883 596 pronunciat
913 549 1062 587 irritam
1087 569 1104 594 3

77 600 120 643 &
136 601 204 650 qui
222 598 272 640 fic
293 598 506 648 elegerint,
533 602 942 641 excommunicatione
963 597 1105 648 percel-

74 644 144 690 lit:
170 648 291 692 sancit
312 664 494 699 praeterea
510 676 526 698 s
553 650 812 702 cujuscunque
827 651 983 692 alterius
1001 646 1103 699 Epis-

74 705 170 751 copi
183 702 416 744 eleffionem
429 706 467 744 &
477 703 765 744 ordinationem
784 701 1002 742 habendam
1029 699 1102 743 effe

76 766 148 802 pro
170 753 330 795 inani&
348 754 546 803 invalida,
557 755 623 797 nisi
640 769 687 797 ex
704 752 891 795 consensu
906 753 1102 802 praedicto-

78 819 164 845 rum
173 805 350 847 Othonis
366 808 406 847 δε
416 805 688 855 succefforum,
700 805 838 858 quibus
850 809 906 854 jus
921 804 1099 847 attribuit

75 855 279 898 consensus
301 859 342 898 δε
357 859 585 900 investiturae
607 855 819 900 neceffariae
838 883 855 904 ‚
891 857 982 899 dum
1016 870 1100 905 pre-

51 944 53 947 ,
74 912 172 950 tium
193 909 344 950 nullum
361 912 711 953 interveniat-Dici
731 924 813 950 non
821 910 1100 962 potest3quan-

73 974 135 1002 tas
153 959 398 1003 schismatum
411 965 451 1003 &
466 962 656 1004 bellorum
673 961 802 1004 clades
817 959 1099 1003 schismaticum

73 1013 174 1054 istud
191 1013 387 1055 decretum
405 1018 620 1056 invexerit.
650 1015 848 1064 Ioannes,
876 1013 1007 1056 soluto
1026 1015 1098 1056 illo

73 1079 302 1115 conventu,
329 1065 546 1108 &Othone
565 1065 746 1116 absente,
775 1066 944 1108 Romam
962 1081 1011 1108 ex
1031 1071 1100 1108 im*

67 1115 228 1166 proviso
247 1119 479 1170 regreditur,
507 1131 731 1171 novamque
747 1120 858 1170 cogit
868 1120 1070 1170 synodum
1082 1144 1097 1167 ³

71 1181 155 1220 qua
170 1173 309 1219 prioris
326 1171 417 1210 acta
431 1171 667 1221 decretaque
686 1173 822 1212 omnia
838 1170 1097 1223 abrogantur‚

71 1221 157 1262 Leo
179 1221 417 1271 deponitur,
440 1225 481 1263 δε
503 1220 598 1262 urbe
615 1221 799 1274 profugus
819 1223 869 1264 ad
892 1224 1096 1265 Othonem

69 1272 208 1323 refugit
227 1301 238 1312 .
272 1271 450 1327 Joannes
478 1272 673 1316 restitutus
700 1272 892 1324 suppliciis
918 1274 1020 1317 saevit
1056 1279 1097 1317 in

67 1331 320 1375 quoicunque
337 1325 461 1373 potest
479 1325 790 1375 apprehendere,
816 1327 1055 1369 adversarios
1081 1352 1098 1375 ς,

66 1442 173 1479 guae,
202 1442 368 1477 narium,
380 1429 624 1481 duorumque
644 1432 852 1483 digitorum
873 1431 1098 1474 abscissione

64 1480 252 1522 muldzat.
279 1482 433 1523 Horum
457 1495 622 1532 accepto
643 1487 789 1525 nuncio
818 1484 895 1526 fine
913 1500 1024 1526 mora
1044 1489 1098 1526 O·

63 1531 138 1573 tho
155 1532 323 1574 Romam
342 1533 506 1575 advolat
526 1563 537 1573 .
571 1534 651 1576 Sub
679 1535 739 1578 his
753 1543 928 1586 Ioannes
955 1538 1095 1578 morbo

57 1584 283 1634 decumbit,
309 1588 529 1628 &moritur
548 1601 642 1628 ann.
649 1591 838 1638 964-&1'11
853 1588 955 1630 illius
973 1592 1096 1631 vicem

0 1676 2 1684 ,
58 1636 265 1679 Romanus
276 1638 418 1680 Clerus
429 1641 469 1679 δι
477 1638 642 1688 populus
652 1642 903 1683 Benedistum
917 1644 1022 1685 V111.
1031 1643 1097 1683 eli-

0 1727 3 1737 ,
61 1702 180 1740 gunt.
207 1691 326 1731 Haud
345 1690 473 1732 multo
490 1690 577 1740 post
589 1693 983 1741 ImperatorRomam
1000 1692 1096 1735 obfi-

0 1788 2 1795 ι
59 1741 362 1797 dioneprernit,
389 1745 431 1784 &
443 1757 666 1794 expugnata
677 1745 770 1788 urbe
785 1757 1029 1794 conventum
1043 1746 1096 1786 al-

0 1826 4 1852 :
61 1804 189 1834 terum
206 1797 316 1844 cogit
326 1820 341 1843 2
353 1798 459 1844 cujus
477 1796 637 1838 decreto
649 1799 879 1840 Benedictus
891 1800 929 1839 &
939 1799 1096 1848 deponi-

0 1885 9 1896 ,
61 1858 126 1898 tur
143 1869 160 1893 ς
189 1848 231 1894 δε
259 1847 440 1888 omnibus
467 1845 582 1889 sacris
619 1863 905 1891 exautoratur:
942 1851 1026 1892 Leo
1037 1865 1098 1891 ve-

0 1901 11 1942 .’
57 1895 107 1938 τὸ
126 1899 169 1936 in
197 1896 297 1938 solio
333 1898 583 1941 constituitur
603 1899 835 1950 Apostolico
855 1931 867 1941 .
900 1905 972 1942 His
991 1916 1097 1951 pera·

0 1948 10 1957 “
55 1948 130 1991 stis
139 1948 254 1990 Otho
270 1952 310 1989 iu
323 1952 542 1991 saxoniam
563 1965 731 2000 remeat,
758 1956 955 2001 captivum
977 1954 1096 1994 abdu-

0 1997 12 2062 ᾗ
53 2000 436 2048 censBenedicstum,
465 2006 533 2052 qui
553 2003 715 2044 tandem
731 2007 773 2044 in
793 2019 842 2044 eo
854 2003 974 2045 exilio
992 2007 1092 2046 inte-

55 2056 125 2095 riit
134 2070 148 2093 .-
156 2051 407 2105 haectradunt
416 2053 597 2105 Rhegino
607 2078 622 2102 ³
652 2055 917 2106 Luitprandus
927 2057 967 2096 &
976 2056 1094 2098 Dith-

58 2119 211 2148 marus.

110 2171 172 2205 29.
200 2159 315 2202 Otho
326 2159 377 2201 ΙΙ.
391 2159 477 2208 post
500 2172 651 2208 patrem
674 2159 881 2203 Othonem
899 2163 1092 2213 Magnum

53 2211 261 2259 imperavit
277 2215 406 2254 annos
425 2211 718 2262 novemdecim,
744 2212 965 2265 septemque
987 2228 1092 2254 men·

51 2261 136 2310 ses,
163 2264 342 2316 obiitque
361 2277 456 2304 ann.
468 2266 558 2314 983.
577 2268 641 2305 cui
660 2263 763 2305 filius
789 2269 866 2312 ejus
880 2266 994 2307 Otho
1022 2265 1090 2306 ΠΙ.

51 2315 97 2356 in
115 2328 274 2366 regnum
287 2318 506 2358 Germaniae
522 2315 691 2357 succeffit
700 2344 714 2357 .
723 2318 822 2357 Eum
832 2317 1013 2371 Joannes
1021 2318 1089 2357 Pa-

51 2378 106 2414 pa
117 2368 200 2409 XV·
220 2367 397 2409 adversus
416 2369 667 2420 tyrannidem
683 2366 897 2410 Crescentii
917 2370 1089 2409 Numen-

45 2421 163 2466 tani,
191 2432 259 2470 qui
277 2418 345 2460 sub
366 2420 665 2462 tituloRomam
684 2418 870 2462 Consulis
895 2435 1024 2461 arcem
1045 2423 1084 2462 S.

49 2466 198 2521 Angeli
216 2485 503 2520 occupaverat,
530 2473 800 2524 reliquamque
810 2472 943 2512 urbem
964 2472 1086 2514 domi-

48 2526 217 2565 natione
233 2523 465 2572 premebat„
483 2526 524 2564 in
533 2525 720 2565 auxilium
736 2523 1086 2581 accerfivit.Q0d

47 2584 98 2617 nt
115 2575 458 2624 praestaretotho‚
487 2578 526 2617 in
536 2576 692 2617 Italiam
712 2577 940 2618 adventavit
948 2595 964 2624 ‚-
979 2591 1083 2618 cum-

41 2638 130 2679 ·que
139 2627 335 2670 Ravennae
354 2626 631 2679 aliquantisper
650 2628 895 2676 consisteret,
923 2631 1083 2670 mortuo

50 2682 129 2727 nius
154 2679 256 2722 urbis
274 2677 583 2730 Archiepiscopo
604 2706 621 2729 a
660 2680 900 2722 Gerbertum
927 2683 968 2722 in
995 2695 1082 2722 eam

39 2727 175 2774 *sedem
201 2730 457 2784 subrogavit,
478 2735 574 2773 olim
593 2730 850 2774 Rhemensem
866 2731 1082 2782 Archiepis-

40 2788 194 2832 tofum
209 2812 221 2824 .
257 2786 354 2827 Inde
372 2785 539 2827 Romam
565 2799 654 2826 cum
678 2788 848 2827 exercitu
876 2783 1079 2834 proficisci-

40 2845 114 2880 tur
131 2861 148 2884 2
182 2849 264 2888 quo
295 2850 471 2886 tempore
497 2851 652 2878 mortuo
682 2841 835 2883 Ioanne
863 2835 1080 2885 pontifice,

47 2887 91 2931 in
105 2892 182 2935 eius
199 2887 338 2930 solium
366 2902 566 2938 promotus
585 2887 636 2930 est
654 2891 864 2941 Gregorius
887 2892 935 2932 V.
955 2892 1083 2931 natio·

24 2947 25 2951 ’
41 2952 101 2981 ne
111 2942 329 2984 Germanus
341 2967 357 2990 ‚
386 2941 409 2982 a
425 2954 506 2993 quo
525 2942 592 2982 ille
600 2944 848 2990 Imperatoris
869 2941 1027 2982 titulum
1040 2944 1080 2984 &

46 3004 238 3034 coronam
257 2998 430 3044 accepit,
459 3008 523 3034 an-
531 3006 617 3040 990·
635 2992 905 3036 Crescentium
927 2994 1019 3035 vero
1037 2997 1079 3034 in

0 3042 265 3088 ''inunitione
302 3047 596 3097 inexpugnabili
625 3044 662 3086 se
687 3049 956 3088 continentem
975 3070 987 3091 ‚
1026 3049 1081 3094 ju-

4 3094 17 3111 ''
39 3100 212 3138 tamenn·
231 3097 306 3141 fide
328 3096 510 3149 promiffa
534 3101 616 3139 vita
633 3123 648 3147 3
684 3099 775 3140 inde
798 3096 964 3140 eduxisse
989 3096 1079 3139 refe-

41 3167 49 3181 *1
93 3161 138 3190 nt
149 3148 282 3191 Petrus
292 3154 511 3199 Damiani,
536 3152 670 3192 &Leo
683 3149 890 3196 Ostiensis,·
916 3144 979 3190 sed
998 3153 1077 3190 vio.

12 3200 16 3213 ⁴
41 3219 73 3234 ⁴¹*
149 3199 224 3244 fide
237 3226 255 3249 9
299 3207 439 3253 capitis
474 3207 728 3245 truncatione
755 3203 960 3244 Othonem
993 3199 1077 3251 sup-

3 3286 14 3296 .,
35 3265 70 3306 ,:·
87 3253 204 3296 icium
233 3254 286 3296 de.
309 3256 382 3296 illo
401 3254 586 3306 sumpfiffe
605 3285 615 3295 .
663 3257 788 3303 Cuius
826 3252 986 3305 perfidiae
1012 3269 1077 3295 ex·

11 3303 194 3361 “sandae
235 3305 348 3350 causa
371 3332 388 3355 ‚
420 3321 469 3348 ex
504 3307 725 3357 praescripto
751 3310 790 3349 S.
818 3306 1030 3347 Romualdi
1057 3331 1073 3355 ³

8 3360 11 3370 '
38 3364 160 3407 wem
201 3356 277 3406 ipse
303 3356 489 3401 Claffenfi
512 3361 753 3402 Mon-asterio
796 3360 899 3408 apud
925 3358 1073 3400 Raven.

12 3411 15 3425 '
47 3426 63 3436 ¹·
80 3426 106 3454 η
162 3409 412 3459 praefecerat,
440 3412 552 3453 nudis
580 3413 741 3462 pedibus
770 3413 819 3452 ad
839 3413 1071 3463 Garganum

0 3454 194 3509 mgnum
230 3477 435 3512 montem,
471 3466 620 3514 templo
649 3469 688 3505 &
717 3466 911 3504 miraculis
937 3466 975 3504 S.
996 3465 1071 3504 Mi-

0 3508 186 3556 est‘Rho-elis
222 3515 414 3557 celebrem
432 3540 446 3563 ‚
507 3520 744 3568 eregrinatus
780 3516 833 3557 est
850 3541 866 3564 2
904 3519 944 3556 &
981 3528 1071 3556 tota

0 3558 46 3631 ’,Ἣ
88 3566 341 3620 uadragefima
378 3567 457 3610 Cla
488 3567 566 3610 enfi
611 3567 854 3613 Monasterio
901 3565 1070 3610 inclusus

69 1378 112 1416 in
137 1375 284 1437 quibus·
298 1376 496 1432 Joannem
516 1377 772 1420 Cardinalem
784 1380 1009 1421 Diaconum
1025 1379 1113 1421 lin--

1149 287 1309 339 rigidam
1336 291 1608 337 poenitentiam
1635 295 1732 343 egit.

1205 350 1262 388 30·
1289 339 1413 381 Anno
1431 341 1528 382 Chr.
1557 352 1646 388 996.
1673 345 1882 395 Gregorius
1909 347 1958 387 V.
1985 348 2025 387 δι
2046 347 2166 395 Impe-

1148 404 1255 451 rator
1266 392 1377 433 Otho
1395 397 1556 441 εει-τως,
1585 394 1702 436 ambo
1717 394 2059 446 consanguinitate
2085 402 2168 446 jun-

1147 442 1224 490 ἂι,
1253 447 1425 486 animum
1441 445 1672 495 ,adjecerunt
1699 448 1750 489 ad
1775 450 2077 491 convocandum
2088 450 2167 491 Ro·

1147 507 1216 554 mae⁶
1243 495 1492 544 Concilium,
1519 501 1624 547 cujus
1651 500 1740 541 acta
1766 501 2046 544 interciderunt
2062 532 2072 541 .
2099 499 2169 544 As-

1145 543 1235 587 serit
1269 549 1362 589 vero
1391 549 1611 599 sigebertus
1647 553 1698 594 ad
1730 567 1795 593 an.
1814 567 1921 595 1002.
1958 554 2164 596 Othonem

1145 602 1302 640 tertium
1318 625 1335 649 ³
1370 601 1462 642 dum
1489 601 1620 643 Romae
1658 602 1868 646 versaretur
1885 630 1900 652 ‚
1945 603 2121 646 transtass'e
2147 631 2166 654 2

1146 662 1231 701 quae
1257 652 1306 693 ad
1333 656 1440 704 regni
1467 657 1549 702 jura
1576 659 1774 703 pertinent
1791 686 1801 696 .
1838 657 1911 698 Res
1943 671 2074 698 autem
2092 658 2168 698 Ro.

1144 716 1213 743 mae
1241 703 1432 746 conclusae
1458 708 1563 746 tanti
1590 712 1814 756 momenti,
1839 721 1934 749 'non
1971 712 2122 759 privata
2148 736 2171 759 5

1143 752 1206 795 sed
1245 757 1401 804 publica
1436 757 1699 801 declaratione
1737 761 1902 813 (qualis
1934 763 1987 802 est
2029 762 2164 802 indicti

1145 806 1355 856 Concilii)
1384 810 1667 858 pertractandae
1682 826 1817 853 erant.
1846 813 1965 853 Porro
1993 811 2082 854 cum
2104 828 2167 853 ne.

1143 872 1209 898 mo
1237 860 1458 909 dubitaret,
1487 862 1791 905 translationem
1811 866 1961 913 Imperii
1987 866 2168 907 aGraecis

1142 911 1191 951 ad
1209 913 1426 954 Germanos
1451 925 1499 953 ex
1525 915 1954 966 meraRomaniPapae3
1982 921 2048 969 qui
2068 931 2167 957 tunc

1140 977 1225 1004 erat
1246 965 1329 1006 Leo
1355 968 1514 1013 tertius,
1540 970 1753 1008 autoritate
1771 967 2000 1010 dimanasse:
2028 974 2164 1009 incon-

1140 1012 1244 1056 sulto
1272 1019 1389 1057 etiam
1419 1018 1594 1070 nihilque
1622 1018 1702 1060 tale
1728 1023 1953 1070 cogitante,
1980 1035 2096 1072 quem
2126 1020 2170 1060 il-

1140 1067 1178 1109 le
1204 1067 1254 1108 ad
1275 1070 1425 1117 Imperii
1452 1073 1600 1118 apicem
1635 1077 1834 1120 promovit
1857 1097 1872 1120 3
1907 1075 2061 1116 Carolo
2083 1074 2168 1114 Ma-

1141 1133 1244 1171 gno,·
1270 1119 1358 1161 cum
1387 1119 1431 1162 fit
1459 1125 1601 1170 pariter
1630 1122 1863 1172 perspicuum
1880 1149 1895 1172 3
1931 1128 1970 1165 in
2000 1130 2076 1166 vim
2102 1125 2168 1166 ἀί

1141 1176 1237 1212 creti
1254 1172 1397 1215 Leonis
1417 1176 1525 1222 Papae
1552 1176 1683 1216 octavi·
1708 1175 1812 1217 fuisse
1830 1176 1988 1218 Othoni
2010 1179 2039 1219 Ι.
2065 1179 2169 1218 Teu-

1143 1227 1281 1265 tonico
1300 1225 1392 1275 Regi
1419 1223 1573 1277 ejusque
1600 1226 2070 1278 success'oribusffcollatam
2097 1243 2168 1279 po·

1142 1276 1317 1318 testatem
1335 1278 1443 1326 Papae
1470 1277 1716 1320 successorem
1744 1281 1941 1330 eligendi,
1968 1282 2077 1332 quod
2106 1285 2165 1323 ita.

1139 1325 1244 1370 fuisse
1270 1325 1437 1377 saecum,
1467 1344 1583 1370 nemo
1606 1332 1793 1382 ambigit,
1820 1332 1869 1372 ad
1894 1333 2013 1383 usque
2036 1332 2167 1373 Otho-

1141 1395 1231 1422 nem
1256 1385 1415 1423 tertium
1433 1411 1444 1421 .
1480 1385 1557 1423 Hic
1584 1383 1679 1424 vero
1705 1382 1794 1424 etun
1823 1383 1974 1425 nullum
2003 1385 2165 1424 haberet

1140 1431 1284 1480 filium,
1315 1449 1386 1474 nec
1413 1432 1451 1474 se
1477 1434 1700 1476 habiturum
1728 1434 1922 1486 speraret,
1957 1439 2020 1476 cui
2058 1439 2167 1486 regni

1141 1486 1369 1527 Germanici
1379 1485 1622 1537 ‘relinqueret
1641 1485 1886 1529 successorem
1898 1506 1913 1534 ,-
1935 1501 2164 1538 certumque

1139 1535 1240 1579 foret
1274 1552 1401 1578 vacuo
1438 1539 1576 1579 relicto
1605 1540 1757 1588 Imperii
1802 1539 1901 1579 solio
1944 1538 2161 1580 universam

1140 1591 1393 1631 Germaniam
1421 1590 1532 1631 bellis
1545 1590 1725 1632 civilibus
1741 1605 1791 1632 ex
1809 1589 2046 1631 diversorum
2058 1594 2165 1631 Prin-

1139 1645 1266 1690 cipum
1292 1641 1420 1689 studiis
1442 1645 1482 1684 &
1497 1640 1646 1683 diffidiis
1674 1643 1885 1684 laceratum
1913 1646 1959 1683 iri
1968 1662 1984 1689 ‚-
2008 1641 2165 1692 prorsus

1139 1692 1286 1735 necesse
1323 1708 1406 1735 erat
1443 1698 1546 1736 tanti
1586 1698 1734 1744 negotii
1769 1694 1923 1745 pondus
1951 1696 2000 1735 ad
2020 1697 2166 1737 Princi-

1140 1760 1230 1795 pum
1252 1747 1471 1788 Germaniae
1495 1749 1657 1786 comitia
1683 1745 1832 1794 referri,
1860 1760 2025 1798 cumque
2048 1761 2172 1788 tanto

1139 1795 1258 1840 essent
1282 1800 1322 1838 &
1348 1797 1542 1849 sanguinis
1578 1813 1682 1838 nexu
1710 1802 1750 1840 &
1777 1802 1906 1847 patriae
1935 1801 2167 1842 Teutonicae

1139 1848 1348 1898 societate,
1375 1853 1416 1893 ὃς
1440 1854 1665 1892 animorum
1691 1851 1901 1892 concordia
1926 1851 2126 1899 conjuncti
2153 1879 2174 1897 ,

1139 1903 1353 1952 Gregorius
1385 1905 1425 1943 &
1460 1902 1606 1946 Oth05
1644 1917 1726 1943 non
1762 1903 1921 1943 aliunde
1963 1917 2085 1954 quaem
2116 1917 2168 1944 ex

1138 1952 1336 2005 utriusque
1362 1952 1550 1996 consensu
1574 1952 1783 1996 dimanaffe
1811 1955 1913 1995 credi
1950 1955 2075 2003 potest
2103 1955 2167 1996 de-

1138 2018 1288 2046 cretum
1321 2007 1522 2046 eleotionis
1558 2020 1624 2055 per
1659 2009 1819 2048 comitia
1847 2008 2086 2049 Germanica
2112 2005 2170 2050 fu.

1137 2060 1213 2098 turi
1241 2060 1532 2099 Germanorum
1559 2060 1670 2108 Regis
1691 2083 1706 2106 2
1730 2058 1852 2110 ”quem
1881 2061 2029 2101 Summi
2057 2063 2166 2102 Pon-

1136 2107 1251 2151 tificis
1285 2107 1446 2160 sequens
1483 2110 1720 2160 approbatio
1756 2110 2008 2153 constitueret
2027 2115 2165 2155 ,Impe-

1135 2175 1342 2211 rarooem,
1375 2160 1532 2214 ipseque
1556 2162 1682 2203 statim
1716 2159 1867 2203 secutus
1900 2172 2063 2201 eventus
2091 2157 2165 2199 usu

1133 2217 1331 2254 continuo
1371 2215 1422 2255 ab
1455 2214 1630 2256 Othonis
1666 2217 1769 2254 tertii
1805 2215 1946 2258 exitu,
1983 2209 2163 2251 firmatus

1132 2266 1423 2316 insequentibus
1449 2264 1617 2314 saeculis„
1645 2269 1700 2313 jus
1727 2264 1824 2305 istud
1852 2265 1874 2304 a
1902 2262 2074 2311 suprema
2095 2264 2160 2303 Se-

1130 2318 1179 2358 de
1206 2316 1420 2364 profectum
1446 2331 1555 2358 extra
1575 2331 1730 2362 omnem
1749 2317 2013 2366 ambiguitatis
2029 2314 2158 2355 aleam

1130 2368 1327 2410 collocat.
1355 2370 1502 2420 Liquet
1529 2383 1576 2410 ex
1603 2369 1771 2408 historiis
1798 2371 1836 2407 &
1864 2380 2036 2408 veterum
2065 2366 2157 2408 Ro·-

1130 2435 1199 2461 mae
1230 2419 1466 2461 Pontificum
1494 2421 1640 2470 literis„
1668 2416 1887 2467 pertinuisse
1915 2417 2080 2466 primum
2109 2418 2153 2460 il-

1129 2472 1208 2513 lam
1237 2472 1471 2513 electionem
1498 2472 1547 2511 ad
1577 2473 1771 2518 Principes
1812 2468 2007 2514 universos
2036 2472 2159 2519 Impe-

1129 2529 1174 2566 rii
1203 2526 1425 2566 Germanici
1451 2522 1721 2570 feudatarios2
1751 2523 1986 2573 tandemque
2015 2520 2159 2571 saeculis

1128 2576 1401 2626 posterioribus
1435 2577 1485 2617 ad
1513 2574 1617 2616 solos
1645 2572 1786 2623 septem
1815 2575 2011 2615 Eiectores
2048 2572 2156 2617 fuisse

1128 2630 1337 2672 restrictam
1361 2653 1375 2676 ς,
1412 2627 1592 2669 nimirum
1619 2629 1661 2667 in
1689 2626 1880 2668 Concilio
1909 2625 2163 2678 Lugdunenfi

1126 2680 1192 2722 sub
1221 2683 1462 2722 Innocentio
1489 2683 1559 2723 IV-

1180 2746 1240 2784 31.
1268 2735 1458 2784 Quamvis
1489 2730 1617 2774 nescio
1646 2747 1729 2784 quo
1756 2732 1977 2775 infortunio
1994 2758 2008 2780 a
2047 2731 2161 2772 saecu--

1124 2785 1170 2826 lo
1195 2787 1267 2827 isto
1294 2787 1446 2826 decimo
1468 2810 1483 2832 2
1512 2798 1594 2825 tam
1620 2786 1732 2826 multi
1763 2784 1968 2826 Pontifices
1996 2788 2036 2823 &
2066 2787 2155 2833 Epi-

1124 2840 1230 2887 icopi
1258 2838 1307 2878 ad
1334 2835 1615 2887 perdiriffimam
1642 2840 1860 2888 nequitiam
1888 2837 2111 2876 deflexerint
2138 2861 2156 2883 ,

1124 2893 1253 2931 mirari
1280 2889 1370 2931 satis
1398 2904 1513 2930 nemo
1542 2902 1661 2939 queat
1690 2887 1792 2930 fuiffe
1811 2887 1917 2928 ferax
1939 2888 2014 2927 hoc
2031 2887 2152 2938 ipsum

1124 2941 1303 2984 saeculum
1324 2966 1341 2990 9
1376 2954 1458 2981 tam
1493 2942 1703 2981 multorum
1741 2940 1975 2985 saecularium
2013 2942 2159 2981 Princi-

1124 3008 1216 3044 pum
1245 2996 1439 3044 praecipuae
1466 2991 1684 3033 sanctitatis
1714 2991 1913 3044 plusquam
1941 2993 2018 3034 alia
2047 2991 2158 3033 saecu-

1122 3047 1163 3087 la
1190 3048 1316 3087 multo
1345 3043 1520 3086 feliciora
1547 3042 1689 3086 cenfita
1713 3073 1722 3083 .
1758 3048 1845 3086 Hoc
1880 3049 1984 3085 enim
2023 3048 2154 3085 vixere

1122 3101 1160 3138 S.
1197 3098 1386 3140 Henricus
1421 3099 1637 3147 Imperator
1663 3122 1679 3144 ‚
1723 3100 1790 3148 qui
1830 3097 1986 3137 Othoni
2033 3100 2156 3138 tertio

1124 3152 1235 3193 datus
1260 3149 1313 3190 est
1340 3145 1549 3197 successor,
1577 3151 1613 3190 S.
1644 3149 1843 3190 Eduardus
1872 3148 1954 3188 Rex
1984 3148 2152 3200 Anghae,

1124 3206 1163 3246 S.
1190 3200 1383 3244 Heraldus
1419 3202 1503 3242 Rex
1540 3202 1678 3242 Daniae
1699 3226 1714 3248 2
1737 3203 1787 3254 ⁴S.
1804 3200 2025 3248 Stephanus
2068 3201 2153 3241 Rex

1123 3258 1355 3306 Hungariae2
1383 3254 1541 3304 duoque
1567 3253 1634 3293 alii
1662 3253 1811 3304 Reges,
1849 3252 2000 3293 tametsi
2028 3253 2155 3302 publi-

1122 3323 1172 3349 co
1215 3306 1526 3347 invocandorum
1561 3305 1794 3346 Sanctorum
1831 3304 1927 3344 albo
1964 3320 2047 3346 non
2087 3305 2154 3346 ad-

1121 3361 1274 3408 scripti,
1303 3356 1509 3399 saunitate
1536 3356 1791 3398 nihilominus
1819 3359 1859 3397 &
1886 3357 2081 3398 miraculis
2110 3357 2155 3396 il-

1120 3412 1279 3459 lustres3
1309 3409 1508 3452 Robertus
1537 3409 1620 3450 Rex
1649 3411 1849 3456 Frauciae2
1887 3412 1927 3450 &
1965 3406 2154 3450 Adelfon-

1120 3464 1179 3505 sus
1194 3464 1275 3505 Rex
1298 3463 1491 3504 Gallaeciae
1509 3487 1523 3508 2
1564 3460 1755 3503 saeculum
1776 3460 1872 3502 istud
1898 3462 2040 3502 Ordini
2060 3461 2153 3505 Clu·

1120 3513 1288 3558 niacenfi
1330 3515 1436 3556 dedit
1478 3517 1632 3554 initium
1667 3512 1735 3554 sub
1765 3517 1948 3556 Bernone
1965 3513 2154 3561 Abbate2.

1127 3573 1190 3611 cui
1219 3565 1383 3610 succeffit
1404 3565 1516 3608 Odo.

1594 3618 1669 3660 Del
1723 3633 1743 3659 2
1957 3629 2015 3667 32.
2042 3616 2104 3660 In-¹
