2430 3958
53 337 208 373 nonnulli
219 336 251 371 in
262 336 382 377 judicio
393 335 511 370 dicturi
530 334 620 369 sunt:
638 338 788 373 Domine,
806 346 903 367 nonne
911 338 944 366 in
953 334 1071 368 nomine

34 379 376 421 ‘Amproplretavimub
398 382 484 414 (Τίνι
493 381 613 412 nomine
624 386 675 411 tuo
683 378 828 412 damonia
844 375 1003 421 eiecImu53
1025 379 1071 408 <7⁴

12 429 21 451 .’
29 421 84 473 μυ
92 423 211 453 nomine
219 429 271 453 tuo
280 423 413 454 virtutes
420 422 535 452 multas
537 420 690 459 fecimus?
710 417 839 463 Quibus
850 416 956 461 Judex
967 415 1071 449 dietu-

28 502 34 511 ι
51 461 177 512 πυρῆς
198 463 277 504 ‘Non
286 465 361 494 novi
379 473 453 500 vos,
474 462 610 502 discedite
629 472 649 492 a
667 472 742 499 me,
755 462 812 501 -qui
827 460 994 503 operamini
1011 459 1072 490 ini-

12 547 35 587 ε’
52 511 288 590 ῗκὸῖζιετῖἷρίὲ
299 543 544 586 supernaturalis
552 543 602 576 vel
621 543 666 576 est
684 540 876 580 habitualis,
887 540 948 587 'vel
959 539 1071 585 actua-

14 594 15 598 *
51 585 93 619 lis
110 609 119 618 .
149 585 341 619 Habitualis
359 585 456 628 porro
474 584 635 619 confertur
656 595 710 625 per
730 585 867 616 modum
885 582 1070 615 inhaerentis

13 625 176 671 j'habitus
192 630 226 661 δε
244 626 477 674 permanentis.
499 625 650 662 A<Stualis
666 624 742 671 yerb
761 625 856 670 datur
871 624 914 668 ad
932 623 1070 669 modum

49 666 141 701 aeus
157 669 351 702 transeuntis
369 691 380 708 ‚
403 673 437 702 &
453 675 589 702 vocatur
605 667 763 705 auxilium
781 665 832 697 {eu
853 664 1069 714 adjutorium.

14 710 15 714 ’
39 707 106 742 'De
116 709 453 752 hacloquiturAutor
464 709 518 742 lib.
529 721 558 742 2.
578 710 730 742 devocat.
746 715 832 748 gent.
850 708 961 739 Gratia
970 706 1028 737 Dei
1036 715 1071 737 m

49 752 185 785 omnibus
200 751 457 793 iustificationibus
470 752 679 795 prtncipaliter
694 751 827 785 eminet,
839 745 996 788 suadendo
1015 757 1071 778 ex-

48 792 263 827 hortationibus
279 815 290 831 ,
312 794 462 826 movendo
478 794 643 834 exemplt's,
665 789 802 824 terrendo
816 789 975 829 periculis,
996 790 1072 819 inci-

51 834 146 867 tando
164 836 316 866 miraculis
333 857 344 872 ,
365 836 463 866 dando
479 831 668 866 intellellum
678 853 690 870 ,
710 831 764 871 ins
775 831 880 861 irando
895 841 946 860 con
962 829 1049 861 ilium
1059 850 1070 866 ,

49 885 157 914 corque
173 876 269 915 ipsum
286 877 508 914 illuminando,
531 880 577 911 (γ’
586 874 662 914 fidei
676 872 755 912 affe6
766 870 879 903 ionibus
893 873 936 902 im
957 870 1051 902 uendo
1062 892 1070 900 .

49 913 172 953 Gratia
181 914 319 949 actualis
338 915 490 949 dividitur
509 914 542 948 in
560 922 751 958 operantem
771 915 1048 957 &cooperantem
1060 933 1070 948 ,

34 994 37 997 ἱ
73 954 235 989 uaealiter
254 957 371 990 dicitur
414 956 585 992 raeveniens
602 958 635 987 δε
655 953 846 995 subsequens
863 976 875 999 3
899 954 938 986 de
954 951 1072 996 quibus

30 1031 43 1038 ..
76 997 371 1043 equenalumitura
384 969 528 1032 lentibus
545 994 668 1032 occalio
688 994 872 1037 disputandi
889 1002 1002 1028 contra
1014 992 1072 1026 Pe-

42 1038 541 1082 lagiahos&semipelagianos.
564 1041 626 1070 ‘Per
634 1046 809 1084 operantem
817 1037 874 1076 seu
903 1037 1074 1082 ravenien-

36 1080 112 1114 *tem
122 1082 204 1114 Deus
212 1090 249 1114 ut
258 1084 409 1119 velimus,
431 1078 638 1120 utiloquitur
653 1077 853 1120 Augustinus
893 1076 1011 1110 eliber.
1020 1087 1072 1110 ar-

52 1119 349 1164 bitr.c.17.operatur
357 1125 561 1164 incipienstper
569 1119 831 1161 cooperantemseu
841 1118 1072 1159 subsequentem

45 1165 130 1197 Deus
136 1164 309 1197 volentibus
323 1172 496 1209 cooperatur
500 1162 710 1204 p'erficiemUt
717 1172 782 1202 ergo
799 1159 1073 1202 velimus‚Dcusfi-·

46 1215 85 1238 ne
93 1204 174 1237 nobis
182 1216 197 1236 o
217 1213 324 1238 eratur
333 1227 345 1242 ,
354 1202 493 1245 (inquit)
502 1214 569 1236 cum
578 1212 683 1236 autem
694 1204 838 1235 volumus
846 1224 856 1240 ‚
878 1201 970 1243 &stc
978 1203 1073 1234 volu-

18 1250 25 1284 ζ
46 1255 116 1278 mus
132 1254 170 1278 ut
198 1245 353 1283 aciamus',
374 1245 522 1283 nobiscum
538 1253 729 1285 cooperatur.
751 1247 802 1279 Ita
818 1252 854 1276 ut
865 1242 930 1284 fine
946 1245 1000 1276 illo
1017 1244 1072 1276 vel

17 1284 190 1333 superante
201 1293 238 1318 ut
246 1287 399 1323 velimus,
423 1287 477 1318 vel
485 1294 658 1326 cooperante
676 1297 745 1320 cum
762 1286 908 1317 volumus
919 1307 927 1322 ,
948 1286 986 1316 ad
995 1284 1071 1317 bona

19 1361 23 1364 ,
73 1330 168 1360 'etatis
185 1335 273 1369 opera
289 1329 366 1359 nihil
382 1328 562 1361 valeamus.
583 1325 639 1360 De
658 1325 758 1368 priori
776 1325 892 1361 dicitur
912 1325 1070 1366 Philip.2.

20 1337 199 1411 ·Jjgeutest,
222 1371 276 1409 qui
284 1377 425 1412 operatur
434 1371 467 1400 in
476 1368 555 1402 nobis
564 1369 649 1401 velle
668 1373 715 1402 (γ’
721 1368 881 1409 perficere.
903 1366 957 1400 De
967 1366 1072 1408 poste-

27 1408 274 1450 :rioridicitun
300 1420 325 1443 1.
336 1409 417 1443 Cor.
429 1410 564 1450 15.N0n
574 1421 643 1451 ego,
658 1410 712 1448 sed
718 1413 822 1451 gratia
839 1411 918 1441 DEI
932 1418 1068 1443 mecum.

24 1446 234 1496 JNolentem
243 1450 388 1501 prevenit
398 1450 491 1484 Deus
499 1474 510 1490 ‚
532 1459 568 1497 ut
577 1450 721 1497 Vqlity&
732 1452 899 1484 volentem
909 1448 1039 1491 sublequ
1045 1448 1071 1481 i-

27 1491 274 1531 ,turnefrustra
284 1493 382 1532 velit,
407 1500 583 1535 praevenit,
609 1492 656 1525 inl
682 1493 798 1525 irando
817 1491 1070 1526 bonamvolun-

26 1579 37 1623 f.
46 1574 204 1610 cultatem
213 1599 222 1608 .

28 1657 93 1698 ‘rest
101 1656 214 1692 efficax
223 1681 235 1697 ,
255 1658 305 1691 vel
318 1657 477 1692 sufficiens
489 1681 498 1697 ‚
510 1660 548 1691 de
558 1659 618 1691 hac
627 1656 693 1690 divi
708 1669 784 1704 ione
792 1656 911 1704 eximie
922 1657 1070 1698 loquitur

30 1697 196 1741 ‘Cyrillus
205 1699 448 1734 Alexandrinus
467 1700 523 1733 lib.
541 1701 582 1732 de
598 1701 812 1738 adoratione,
834 1700 960 1732 dicens:
986 1700 1071 1730 Tan-

40 1748 109 1774 tam
118 1739 337 1781 benignitatem
347 1741 426 1774 nobis
433 1742 552 1774 exhibet
560 1742 773 1782 universorum
784 1742 934 1773 Salvator
944 1743 1002 1773 DE
1007 1742 1072 1778 US,

37 1789 101 1814 ute
138 1785 200 1814 caci
219 1781 488 1823 ubfidioadiuvct,
502 1784 670 1823 secundum
679 1784 757 1823 quod
758 1783 908 1823 firiptum
917 1780 974 1822 eft:
996 1785 1071 1822 ΛΡ·-

38 1831 94 1868 pre
114 1824 184 1856 endi
208 1824 527 1857 imanumdexreram
536 1835 659 1863 meam,
682 1827 769 1858 (fin
778 1825 943 1856 voluntate
953 1832 1008 1855 tua
1018 1824 1071 1855 de-

32 1864 119 1899 duxi
143 1867 229 1897 ime.
250 1866 346 1905 ‘Nam
356 1868 500 1905 quoniam
510 1867 634 1898 hominis
643 1866 756 1898 natura
775 1876 834 1897 non
844 1862 936 1897 valde
942 1876 1071 1904 genero-

2 1934 3 1938 ,
31 1905 96 1945 sae
130 1927 142 1943 ,
163 1916 260 1945 neque
268 1907 346 1944 stitis
362 1908 487 1945 idonea,
507 1915 544 1939 ut
560 1908 682 1940 malum
699 1908 828 1947 effugere
844 1915 958 1946 queat,
973 1906 1070 1948 simul

37 1946 188 1986 nobili-am
198 1947 415 1987 quodammodo
430 1956 529 1980 certat
543 1951 626 1982 Dens
634 1971 645 1987 ,
668 1953 715 1982 (θ’
730 1949 770 1980 du
791 1949 844 1980 lex
858 1949 1011 1979 concedere
1020 1947 1071 1979 be·-

22 1987 180 2030 *vfleficium
198 1987 324 2019 videtur
341 2009 353 2025 ,
371 1989 552 2027 persuadens
566 1990 766 2021 admonitioni
784 2000 836 2026 us,
858 1997 895 2020 ut
904 1988 1069 2028 subsidium

32 2028 52 2039 '⁶
74 2031 236 2062 veniamus
252 2049 263 2066 ,
286 2033 333 2061 θ’
345 2029 463 2067 fortius
481 2031 561 2062 illud
579 2029 721 2070 prastans
737 2052 748 2066 ,
777 2039 871 2071 quam
893 2037 929 2062 ut
948 2031 1067 2063 malum

22 2077 36 2095 ²
55 2072 57 2074 '
77 2072 160 2109 alens
188 2074 235 2104 θ’
262 2070 436 2103 violentum
463 2072 635 2111 prevalere
663 2071 751 2112 pofflt
768 2095 776 2102 .
808 2069 932 2104 Anima
949 2092 961 2108 ,
993 2080 1066 2111 quse

63 2109 184 2155 jcavit
200 2132 213 2149 ‚
236 2118 367 2144 mortua
387 2109 515 2152 prorsus
536 2111 582 2144 est
599 2110 726 2154 ,seque
747 2109 933 2145 resuscitare
954 2113 995 2145 ad
1019 2113 1067 2144 vi-

25 2169 29 2198 ⁴3
129 2151 417 2198 supernaturalem·
428 2153 618 2187 nullatenus
638 2153 761 2200 potest.
783 2151 879 2196 Quia
899 2152 976 2187 ficut
997 2151 1066 2186 for-

59 2198 65 2202 '
122 2193 287 2228 naturales
307 2204 378 2227 non
408 2195 609 2228 inducuntur
636 2205 672 2228 in
702 2197 873 2229 materiam
891 2217 901 2233 ,
932 2194 989 2228 nili
1012 2206 1066 2236 per

27 2237 55 2274 ,Γ
105 2235 275 2269 cedentem
294 2234 524 2276 operationem
551 2235 678 2277 agentis
699 2234 804 2269 causti:
825 2235 1000 2270 naturalis:
1022 2235 1063 2269 sic

0 2283 1 2287 ’
22 2244 144 2314 ’ἔξω
167 2275 419 2316 supernaturalis
436 2299 446 2315 ‚
476 2287 550 2319 quae
578 2275 683 2318 gratia
704 2277 750 2310 est
768 2300 779 2315 ‚
808 2287 878 2310 non
899 2276 1066 2310 inducitur

34 2313 74 2352 in
95 2317 241 2351 animam
254 2316 407 2362 =hominis
427 2317 492 2352 fine
515 2315 750 2359 supernaturali
772 2326 886 2359 agente
908 2318 1064 2359 superna-

35 2357 186 2393 turaliter
207 2357 310 2404 ipsam
329 2358 476 2393 animam
497 2368 650 2392 movente
671 2362 706 2392 δε
727 2357 950 2392 resuscitante·
974 2358 1065 2392 Gra-

34 2398 121 2434 tiam
141 2397 354 2432 sufficientem
381 2400 423 2433 ab
451 2399 579 2436 efficace
609 2399 776 2442 distinguit
798 2400 916 2442 pariter
937 2399 1064 2433 sanctus

35 2441 190 2475 Thomas
215 2449 242 2473 1.
260 2450 288 2472 2.
309 2451 364 2482 qu.
377 2452 444 2475 112.
464 2451 564 2475 art.2.
583 2443 624 2474 ad
643 2452 672 2474 2.
690 2444 843 2483 Contingit
861 2443 1062 2483 quandoque,

32 2484 115 2527 quod
132 2486 215 2515 Deus
232 2491 340 2514 movet
354 2483 505 2516 bominem
522 2485 562 2515 ad
579 2485 703 2524 aliquod
719 2483 829 2516 bonum
848 2507 858 2522 ,
881 2495 939 2516 non
956 2492 1063 2516 tamen

33 2532 36 2533 ’
57 2522 228 2563 erfeflum:
250 2528 297 2557 Ψ
313 2526 384 2556 talis
390 2527 568 2565 praeparatio
573 2526 855 2566 preceditgratiam
867 2536 877 2562 3
891 2526 944 2565 sed
963 2536 1063 2565 quan-

27 2533 133 2620 }oque
145 2564 385 2606 statimperfet‘le
402 2566 611 2607 movetipsum
622 2567 661 2598 ad
678 2566 787 2599 bonum
797 2589 808 2606 ‚
830 2565 976 2608 U'ficbito
988 2577 1064 2607 gra-

39 2609 113 2646 ‘tm
130 2607 214 2639 homo
224 2606 351 2647 fitfiipit
368 2630 376 2638 .
407 2606 467 2640 Per
485 2606 622 2649 gratiam
640 2606 806 2641 efficacem
823 2607 875 2641 {eu
894 2606 1062 2640 victricem

34 2652 70 2693 ξ’
92 2658 129 2681 us
147 2648 356 2680 voluntatem
374 2649 518 2681 nostram
536 2648 678 2689 applicat
697 2648 806 2690 operi.
828 2648 963 2682 Sanctus
983 2652 1056 2682 Au-

32 2692 43 2698 ”
55 2693 69 2717 s«
81 2687 181 2735 stinus
198 2688 255 2735 lib.
276 2690 315 2722 de
332 2689 435 2730 gratia
453 2689 572 2722 Christi
584 2713 594 2728 ‚
617 2693 650 2722 8<
671 2689 725 2736 lib.
746 2692 784 2723 de
795 2699 932 2737 corrept.
951 2693 1060 2731 &gra.

55 2739 178 2765 attam
196 2729 293 2763 istam
312 2730 477 2764 efficacem
495 2740 590 2766 vocat
609 2732 770 2764 auxilium
790 2727 931 2765 afflonis
950 2734 984 2765 δε
1001 2743 1061 2764 au-

38 2779 61 2810 ἢ.
71 2770 155 2806 lium
173 2782 263 2813 quo,
285 2771 446 2805 nimirum
486 2783 532 2806 uo
548 2772 622 2805 actu
641 2771 709 2814 ipso
727 2771 854 2814 agimus
872 2796 882 2811 ‚
905 2775 939 2805 δε
958 2771 1060 2814 perfe-

22 2840 24 2847 ,
45 2811 87 2859 {e
103 2823 278 2855 operamur
293 2836 305 2852 ,
329 2814 368 2847 de
385 2825 453 2855 quo
483 2825 511 2846 ic
528 2812 682 2847 enunciat
700 2825 708 2846 :
729 2817 841 2848 Gratia
858 2818 918 2846 Dei
935 2825 954 2846 a
972 2816 1058 2847 nullo

64 2867 107 2888 ro
123 2856 208 2888 corde
225 2856 376 2896 respuitur
383 2867 396 2893 ,·
417 2857 455 2888 ad
475 2856 525 2887 boc
542 2859 624 2887 enim
641 2857 734 2888 datur
751 2879 762 2895 ‚
783 2865 820 2888 nt
835 2857 982 2888 duritiam
1000 2867 1060 2888 au-

23 2916 24 2920 =
48 2904 69 2924 'a
83 2905 119 2929 at
144 2898 236 2929 cordis
255 2920 263 2928 .
292 2897 448 2930 Alterum
475 2896 637 2929 auxilium
662 2896 750 2930 idem
774 2906 871 2930 vocat
897 2897 1058 2939 auxilium

33 2936 251 3013 goffibilitatis
268 2960 279 2976 ,
309 2941 343 2972 δε
370 2937 533 2971 auxilium
559 2937 623 2971 line
640 2949 709 2979 quo
734 2949 803 2972 non
823 2961 834 2977 ‚
865 2939 920 2971 dat
937 2938 1057 2980 quippe

25 2997 27 3000 ·
46 2978 163 3017 ‚ommi
180 2978 266 3020 posse
281 2990 395 3022 agere,
417 2983 451 3012 &
477 2979 669 3024 denominat
688 2979 888 3018 adiutorium
906 2979 970 3012 line
987 2991 1056 3021 quo

30 3023 106 3056 'non
124 3043 136 3058 ,
165 3020 243 3061 quia
263 3022 318 3054 dat
346 3020 593 3064 poilibiimtem
611 3021 728 3062 agendi
746 3044 756 3060 ,
785 3020 932 3071 finequa
951 3021 1056 3054 homo

34 3059 223 3106 §torsusest
240 3061 406 3095 invalidus
424 3064 464 3095 ad
487 3064 628 3095 bonum.
650 3063 689 3095 In
708 3062 801 3096 omni
819 3074 898 3096 vero
917 3072 1054 3102 natura,

33 3101 210 3143 praesertim
227 3102 444 3146 intellectuali
463 3126 474 3142 ‚
497 3103 738 3150 distinguuntur
756 3104 823 3137 haec
838 3103 902 3136 tria
922 3116 934 3135 .·
963 3104 1022 3137 else
1044 3126 1055 3142 ‚

33 3143 122 3185 poss'e
132 3150 145 3182 3
165 3146 199 3176 δε
215 3145 358 3185 operari:
381 3157 449 3187 qua
469 3155 684 3186 proportione
700 3145 932 3179 convenienter
942 3144 1056 3177 distin-

43 3199 47 3203 ·
79 3193 179 3230 untur
196 3184 262 3218 haec
277 3186 340 3220 tria
358 3186 393 3220 in
413 3187 473 3220 effe
492 3186 728 3227 supernaturali
748 3199 756 3219 :
778 3186 811 3220 in
828 3197 897 3228 quo
915 3186 1054 3228 gratiam

26 3224 487 3273 anctificantemadmittunt
504 3228 674 3270 Theologi
693 3252 704 3267 ‚
734 3238 798 3270 qua
817 3227 984 3261 consortio
1003 3228 1054 3261 di-

45 3283 47 3285 >
83 3278 118 3313 ,ω
134 3268 444 3313 natur-indignamur
460 3293 471 3309 ,
492 3269 617 3311 nosque
635 3293 646 3309 ,
669 3279 704 3303 ut
721 3269 850 3303 sanetus
869 3269 981 3302 Petrus
1000 3270 1053 3303 lo-

28 3316 146 3354 v'uitur
162 3330 174 3346 ,
203 3309 321 3341 divmae
337 3310 502 3344 consortes
518 3321 642 3344 naturae
659 3310 759 3344 efficit
776 3323 784 3343 :
814 3310 916 3344 aliam
936 3309 1053 3352 pariter

40 3364 57 3393 {9
76 3357 192 3396 tiam,
212 3360 285 3391 quae
304 3350 358 3383 dat
377 3353 482 3392 poffe,
503 3364 605 3394 eaque
624 3352 783 3386 sufficiens
801 3351 1052 3385 denominatur:

16 3405 25 3442 ἑ
45 3413 49 3417 -
85 3392 208 3437 aliam,
229 3401 303 3432 quae
319 3391 424 3425 causat
441 3397 474 3427 Be
492 3395 546 3427 dat
565 3393 756 3436 operariseu
772 3392 952 3440 perfectum
969 3405 990 3426 o
1015 3404 1052 3427 us

16 3428 70 3474 &1
84 3433 246 3477 auxilium
264 3443 333 3473 quo
351 3456 360 3465 .
388 3432 502 3476 Itaque
531 3447 586 3476 per
602 3436 741 3477 gratiam
759 3435 972 3468 lufficientem
1013 3447 1052 3469 0-

35 3482 92 3521 qu
110 3474 296 3520 expeditam
312 3473 408 3521 habet
423 3474 612 3510 facultatem
631 3501 642 3516 ‚
671 3487 706 3510 ut
724 3476 819 3519 pollit
837 3476 961 3510 bonum
977 3487 1052 3510 exe-

11 3541 13 3544 ⁴
35 3519 94 3556 qm
108 3538 121 3554 ,
152 3525 212 3561 nec
229 3516 320 3562 aliud
340 3526 371 3548 ei
388 3516 474 3562 deest
491 3526 703 3559 praeterquarn
720 3520 806 3552 velle
823 3542 831 3551 .
861 3518 982 3559 Neque
1000 3518 1052 3551 di-

8 3568 10 3582 l
35 3557 137 3603 tendo
163 3555 323 3604 sufficiens
349 3557 506 3591 auxilium
523 3581 534 3596 ,
588 3562 654 3593 uod
681 3559 836 3594 nonni-illi
855 3558 1051 3593 insufficiens

2 3602 12 3628 ἰ’
35 3605 139 3644 potius
157 3609 266 3632 vocari
293 3598 416 3631 vellent
434 3620 445 3638 ,
475 3609 573 3640 pervu
589 3609 679 3643 gatas
705 3601 858 3635 omnium
876 3600 1050 3636 hominum

26 3653 29 3666 l

27 3671 30 3693 ἐ

27 3709 30 3722 ι

28 3725 29 3742 l

30 3903 32 3914 ι

29 3921 32 3932 ι

167 220 695 332 Haer.Pelag.&
719 215 1792 333 Semipelag.histor.delineatio.
1916 249 1999 301 21
2018 230 2073 319 9

1113 330 1267 365 notiones
1283 332 1468 366 revellimus
1485 357 1493 364 .
1516 332 1594 366 Vox
1610 332 1699 367 enim
1715 331 1905 367 sufficientis·
1919 333 1954 367 in
1975 330 2130 371 omnibus

1112 371 1283 408 adhibetur
1299 373 1466 409 eventibus
1483 396 1494 412 ,
1517 372 1551 407 in
1567 374 1684 420 quibus
1700 375 1784 408 nihil
1803 385 1916 417 praeter
1934 375 2042 409 solum
2059 373 2128 407 vel-

1111 414 1145 447 le
1170 413 1363 461 desideratur
1381 429 1392 455 5
1421 415 1510 461 cibus
1537 426 1629 461 enini
1654 415 1814 462 sufficiens
1840 417 1956 450 dicitur
1975 440 1985 456 ‚
2015 424 2128 462 prat-er

1111 466 1210 500 quem
1227 456 1310 491 alius
1325 468 1394 492 non
1411 464 1551 498 exigitur
1568 471 1578 496 ‚·
1607 459 1660 490 ied
1678 458 1747 491 (ola
1764 458 1949 499 expectatur
1966 459 2131 494 hominis,

1110 497 1385 543 qui'co-mesturus
1402 497 1460 537 fit,
1483 498 1655 531 voluntas.
1677 500 1742 533 Illa
1762 499 1879 546 pariter
1898 499 2035 541 pecunia
2052 509 2130 531 cen-

1111 539 1196 572 {etur
1215 538 1373 574 sufficiens
1391 562 1402 578 ‚
1431 550 1498 581 qua
1525 540 1627 572 homo
1645 551 1706 573 aere
1724 542 1837 574 alieno
1853 551 2003 584 gravatus
2021 538 2129 574 debita

1111 579 1236 626 solvere
1254 582 1375 621 potest,
1398 580 1419 616 si
1435 581 1536 619 velit,
1559 581 1730 624 solumque
1748 582 1781 614 id
1799 583 1994 624 requiritur,
2015 591 2051 616 ut
2061 592 2131 615 cre-

1112 621 1271 667 ditoribus
1299 631 1446 655 numeret
1464 646 1471 653 .
1501 622 1677 663 Angelicus
1695 622 1829 657 1)οᾶοτ
1846 634 2020 666 utrumque
2037 621 2130 656 auxi-

1111 662 1197 696 lium
1224 662 1368 706 agnoscit
1387 687 1397 702 ,
1427 672 1499 708 tum
1517 662 1675 697 sufficiens
1692 663 1744 697 seu
1764 665 1980 706 pollibilitatis
1999 688 2009 703 ‚
2032 665 2130 706 quale

1111 713 1246 742 vocatur
1263 704 1302 737 ab
1319 704 1505 747 Augustino
1523 705 1683 738 auxilium
1699 705 1763 738 fine
1780 718 1846 749 quo
1865 718 1933 740 non
1952 729 1962 745 ,
1992 715 2064 739 tum
2084 704 2130 739 ef-

1110 744 1191 791 ficax
1203 769 1212 784 ,
1233 756 1300 787 quo
1320 747 1473 782 voluntas
1490 745 1584 787 operi
1600 756 1641 787 ap
1666 746 1783 781 licatur
1801 770 1811 786 ‚
1835 747 1878 781 ita
1898 758 1933 783 ui:
1952 746 1992 780 ab
2009 746 2129 787 imper-

1111 785 1199 823 fecto
1216 787 1318 833 gratia
1335 797 1578 828 nonnunquam
1595 786 1647 821 inc
1671 797 1746 827 oet,
1769 788 1915 830 sequenti
1933 799 2009 821 vero
2028 798 2129 821 cona-

1111 836 1147 862 tu
1166 829 1206 860 ad
1234 828 1411 869 perlectum
1439 830 1580 865 adducat
1599 852 1606 860 .
1634 829 1695 862 Ait
1722 829 1842 872 quippe
1859 831 1888 864 S.
1907 830 2034 863 Thom.
2056 839 2082 861 1.
2099 839 2130 861 2.

1110 880 1143 911 q.
1156 879 1221 902 112.
1241 879 1300 903 art.
1319 882 1347 904 ε..
1365 873 1406 904 ad
1427 881 1455 903 ι.
1472 872 1627 911 Contingit
1644 872 1821 911 quandoque
1839 895 1850 910 ‚
1872 872 1948 914 quod
1966 875 2047 904 Deus
2065 882 2131 903 mo-

1111 919 1168 943 vet
1185 912 1333 944 bominem
1349 913 1390 944 ad
1414 913 1538 952 aliquod
1560 912 1670 944 bonum
1688 933 1701 950 ,
1729 924 1787 944 non
1804 921 1910 946 tamen
1923 910 2095 954 perfeffum
2116 934 2129 950 ,

1112 957 1158 986 (7⁶
1176 955 1246 985 talis
1260 956 1437 994 praeparatio
1452 954 1589 994 praecedit
1603 955 1740 994 gratiam
1755 965 1768 991 ‚-
1799 956 1812 994 (
1830 958 1977 987 nimirum
1985 953 2126 994 sanflifi«

1109 1003 1231 1027 cantem
1251 993 1263 1031 )
1274 996 1328 1034 sed
1346 996 1525 1035 quandoque
1536 993 1645 1034 statim
1659 993 1791 1035 perfel‘le
1807 1006 1914 1028 movet
1922 996 2072 1029 hominem
2087 995 2128 1026 aa

1111 1035 1220 1071 bonum
1229 1058 1241 1081 2
1265 1043 1310 1069 (9⁹
1319 1036 1419 1076 ficbito
1432 1039 1570 1077 gratiam
1587 1037 1669 1068 bomo
1678 1037 1820 1078 fitfiipit.
1843 1036 1934 1070 Deus
1953 1036 2042 1069 enim
2051 1046 2131 1078 ope-

1112 1086 1199 1112 ratur
1226 1086 1260 1108 in
1288 1077 1379 1110 vobis
1397 1081 1430 1110 ἂν
1449 1078 1535 1110 velle
1553 1080 1586 1110 δε
1605 1077 1753 1117 perficere
1772 1088 1831 1120 pro
1842 1077 1927 1111 bona
1938 1079 2130 1115 voluntate,

1111 1117 1233 1159 Philip.
1247 1128 1275 1150 2.
1292 1128 1338 1159 13.
1350 1117 1584 1160 Cyrillusloco
1593 1118 1696 1155 citato
1707 1127 1803 1152 vocat
1824 1119 1928 1158 ἱνεργον
1949 1118 2103 1157 ε’πικκρίικν
2118 1142 2129 1157 ,

1112 1158 1145 1192 id
1155 1159 1199 1195 cst
1209 1182 1220 1197 ,
1243 1159 1355 1193 efficax
1366 1159 1526 1195 auxilium
1537 1184 1544 1191 .
1770 1187 1778 1196 ,

1151 1201 1293 1243 Antiqui
1313 1201 1421 1234 Patres
1430 1201 1650 1247 temeritatem
1660 1199 2039 1244 Pelagiioppugnantcs‚
2062 1200 2134 1234 sen·-

1109 1241 1219 1275 tientis
1238 1266 1248 1281 ‚
1278 1242 1421 1276 sufficere
1438 1244 1480 1276 ad
1498 1244 1636 1275 lalutem
1661 1243 1803 1276 liberum
1822 1242 1965 1276 hominis
1983 1241 2017 1274 in
2035 1242 2132 1276 omni

1110 1283 1184 1319 ειᾶιι
1204 1283 1371 1316 arbitrium
1390 1307 1400 1323 ‚
1431 1282 1549 1317 divinae
1568 1283 1678 1325 gratiae
1697 1283 1896 1323 adjutorium
1922 1282 2131 1317 neceffarium

1109 1326 1168 1359 effe
1186 1327 1226 1358 ad
1245 1324 1387 1399 ΓιηὲιιΙοε
1412 1325 1502 1359 actus
1529 1324 1768 1358 contendebant
1786 1349 1793 1357 .
1824 1326 1873 1357 Ita
1899 1324 2130 1367 Hieronymus

1109 1367 1198 1408 epist.
1219 1368 1259 1399 ad
1310 1366 1543 1408 tesiphontem:
1567 1369 1653 1400 Velle
1672 1373 1718 1401 θ’
1734 1378 1855 1398 currere
1873 1377 1976 1399 meum
1988 1366 2054 1407 fine
2073 1369 2133 1398 Dei

1101 1411 1222 1452 semper
1236 1411 1355 1442 auxilio
1372 1420 1429 1440 non
1447 1413 1507 1441 erit
1515 1420 1638 1442 meum.
1658 1411 1743 1441 Dicit
1750 1410 1831 1440 enim
1849 1407 2029 1448 Apostolus:
2051 1410 2134 1439 Deus

1108 1453 1189 1484 enim
1206 1449 1247 1490 est
1264 1453 1318 1490 qui
1334 1459 1475 1491 operatur
1492 1454 1524 1482 in
1541 1450 1621 1483 nobis
1636 1452 1719 1483 velle
1738 1454 1785 1483 <7
1799 1448 1941 1489 perficere
1960 1473 1967 1480 .
1999 1451 2041 1480 Et
2060 1450 2133 1480 Sal..

1109 1501 1202 1526 vator
1217 1495 1250 1523 in
1267 1493 1437 1532 Evangelio
1455 1504 1465 1523 :
1495 1495 1595 1524 ‘Pater
1620 1502 1703 1525 meus
1720 1490 1898 1531 usquemodo
1923 1498 2065 1531 operatur
2083 1494 2131 1523 θ’

24 1536 165 1582 jtatem,
187 1530 410 1578 subsequitur,
429 1535 598 1576 operando
614 1545 660 1567 no
685 1532 787 1568 iseum
797 1532 877 1566 boni
894 1532 1001 1575 operis
1021 1530 1071 1566 fa·
1108 1546 1158 1575 ego
1176 1543 1277 1574 operor
1296 1546 1304 1565 :
1324 1534 1446 1574 semper
1463 1535 1589 1574 largitor
1606 1555 1617 1572 ‚
1638 1534 1761 1574 semper
1776 1533 1903 1582 donator
1920 1555 1928 1563 .
1959 1533 2039 1572 Non
2056 1532 2131 1562 mihi

1099 1575 1217 1616 sufficit
1234 1575 1311 1615 quod
1319 1575 1419 1615 semel
1434 1576 1598 1607 donaverit
1614 1598 1622 1606 .
1652 1577 1731 1607 ‘Peto
1747 1581 1785 1605 ut
1800 1583 1945 1613 accaptam
1963 1595 1974 1611 ,
1997 1577 2045 1606 (7·
2060 1582 2133 1604 cum

27 1648 31 1655 ,
83 1612 203 1650 Gratia
221 1615 362 1656 Christi,
384 1628 458 1659 quae
476 1615 681 1652 medicinalis
723 1626 834 1658 uoque
857 1614 994 1654 dicitur,
1007 1615 1068 1661 *vel
1108 1625 1263 1657 accepero,
1284 1617 1387 1656 rursus
1399 1625 1486 1657 peto.
1506 1620 1642 1650 ‚Avarus
1654 1615 1724 1654 lum
1741 1615 1781 1646 ad
1797 1615 1968 1655 accipienda
1986 1613 2128 1654 beneficia

1110 1661 1168 1690 Dei
1189 1670 1199 1689 :
1229 1669 1281 1689 nec
1297 1659 1350 1689 ille
1368 1657 1468 1697 deficit
1484 1659 1517 1689 in
1534 1658 1631 1689 dando
1649 1679 1660 1694 ,
1692 1666 1790 1696 neque
1805 1666 1856 1698 ego
1874 1655 1972 1696 satior
2000 1657 2035 1687 in
2053 1658 2130 1686 acci-

1106 1700 1229 1740 piendo.
1253 1699 1344 1731 Idem
1360 1706 1444 1731 torn.
1464 1708 1490 1739 3.
1508 1698 1646 1738 epist.ad
1657 1696 1878 1738 cyprianum:
1903 1700 1997 1728 Homo
2014 1707 2033 1728 a
2040 1698 2131 1737 prin-

1108 1743 1180 1782 cipio
1196 1741 1367 1776 conditionis
1375 1741 1437 1779 fita
1453 1743 1540 1772 DEO
1557 1742 1658 1772 utitur
1674 1740 1813 1776 adjutore
1823 1749 1836 1775 ,⁸
1858 1743 1904 1772 (θ’
1913 1750 1981 1770 cum
1999 1737 2128 1779 illiusfit

1105 1785 1210 1824 gratia
1226 1783 1302 1822 quod
1319 1790 1436 1824 creatus
1460 1780 1501 1820 eli
1518 1804 1529 1819 ,
1556 1781 1698 1820 illiusque
1715 1780 1918 1819 misericordia
1944 1780 2021 1820 quod
2031 1778 2131 1820 subfi-

1102 1822 1159 1864 stit
1175 1828 1221 1857 θ’
1237 1825 1325 1855 vivit
1342 1845 1352 1860 ‚
1374 1823 1450 1854 nihil
1464 1822 1530 1855 boni
1548 1825 1639 1863 operis
1655 1833 1741 1862 agere
1756 1820 1853 1860 potest
1868 1821 1976 1860 absque
1994 1832 2027 1852 eo
2045 1841 2056 1858 ,
2078 1823 2130 1860 qui

1108 1868 1154 1897 ita
1171 1865 1304 1906 conceffit
1321 1864 1449 1905 liberum
1467 1863 1630 1895 arbitrium
1649 1885 1659 1901 ‚
1680 1871 1716 1894 ut
1725 1863 1818 1901 suam
1835 1871 1889 1902 per
1900 1862 2022 1902 singula
2042 1871 2131 1902 opera

1104 1909 1246 1948 gratiam
1264 1917 1322 1938 non
1341 1913 1465 1946 negaret
1472 1916 1485 1943 ,·
1507 1908 1540 1938 &
1552 1903 1607 1936 lib.
1622 1914 1647 1936 1.
1667 1902 1893 1944 Dialog.Non
1904 1903 1946 1943 sic
1963 1903 2075 1934 donata
2094 1902 2135 1943 est

1109 1948 1196 1980 liberi
1214 1947 1334 1980 arbitrii
1347 1949 1472 1989 gratia,
1499 1955 1535 1980 ut
1545 1948 1624 1980 DEI
1635 1955 1691 1988 per
1701 1944 1827 1987 singula
1853 1946 1983 1978 tollatur
2000 1946 2135 1978 admini-

1108 1991 1232 2022 culum.

1149 2030 1350 2073 Augustinus
1380 2029 1499 2073 pariter
1538 2030 1594 2064 lib.
1627 2031 1666 2064 de
1695 2029 1799 2074 gratia
1825 2029 1947 2063 Christi
1987 2041 2054 2072 cap.
2085 2031 2134 2064 26.

1106 2073 1293 2117 Confitentur
1309 2096 1320 2112 ,
1351 2076 1404 2113 qui
1424 2075 1500 2105 vult
1519 2076 1672 2106 veraciter
1699 2072 1835 2110 confiteri
1851 2094 1861 2110 ‚
1891 2071 2032 2106 NIHIL
2054 2071 2135 2106 ΒΟ-

1106 2111 1161 2147 ΝΙ
1179 2114 1296 2160 ‚SINE
1326 2112 1517 2149 GRATIA
1548 2114 1671 2150 FIERI
1701 2113 1836 2148 POSSE
1857 2138 1865 2146 .
1897 2115 1991 2148 Idem
2014 2113 2069 2147 lib.
2093 2116 2132 2147 de

1104 2162 1207 2196 gratia
1229 2158 1263 2190 &
1285 2155 1341 2188 lib.
1359 2155 1426 2188 arb.
1435 2166 1503 2196 cap.
1526 2166 1575 2206 ⁷17·
1597 2156 1666 2188 Sine
1686 2157 1740 2188 illo
1769 2168 1783 2187 ο
1805 2165 1910 2188 erante
1938 2158 2008 2188 cum
2037 2157 2136 2188 volu-v

1105 2196 1291 2286 ἴῖἰιειῦἓ.
1305 2197 1447 2279 Βὲἰῖἲῑ
1452 2196 1866 2286 15150133232‘112535133
1880 2196 2030 2272 ,³323ss
2049 2197 2134 2272 {322

1104 2279 1162 2320 nifi
1180 2281 1314 2319 aapuvet
1330 2303 1340 2318 ‚
1370 2279 1510 2314 NIHIL
1528 2284 1652 2322 pietatis
1672 2289 1766 2321 atque
1786 2280 1908 2320 justitia
1921 2280 1992 2319 five
2011 2283 2044 2312 in
2065 2290 2135 2321 ope.

1104 2333 1136 2352 rc
1155 2343 1165 2362 ,
1190 2321 1259 2362 five
1280 2324 1374 2353 etiam
1396 2325 1429 2354 in
1450 2323 1511 2362 ipsc
1534 2324 1699 2354 voluntate
1720 2322 1827 2354 habere
1846 2321 1993 2362 poffumus
2011 2345 2019 2353 .
2051 2325 2134 2354 Deus

1104 2365 1212 2403 quippe
1242 2371 1383 2402 operatur
1414 2366 1446 2394 in
1476 2363 1555 2395 nobis
1578 2369 1624 2396 (T
1653 2364 1737 2394 velle
1760 2368 1808 2396 (T
1828 2366 1945 2403 operare·
1971 2372 2026 2403 pro
2056 2363 2134 2395 bona

1103 2405 1271 2435 voluntate
1287 2427 1295 2434 .
1325 2402 1478 2435 Testatur
1487 2404 1685 2450 Augustinus
1706 2402 1796 2442 epist.
1821 2406 1888 2436 105.
1921 2407 1954 2437 &
1977 2405 2016 2436 de
2037 2404 2131 2446 gestis

1104 2443 1228 2489 Palaest.
1249 2454 1318 2490 cap.
1341 2454 1355 2476 1
1382 2468 1388 2475 .
1412 2443 1605 2477 Concilium
1626 2443 1835 2477 Palaestinum
1864 2445 2052 2478 assentiente
2071 2445 2130 2478 Pe*-

1104 2485 1192 2527 lagio
1212 2508 1222 2523 ,
1253 2485 1306 2518 {ed
1336 2485 1356 2518 fi
1394 2496 1412 2517 a
1443 2485 1652 2519 simulatione
1675 2485 1785 2518 Patres
1816 2485 2093 2520 circumveniente
2113 2510 2124 2526 ,

1102 2537 1144 2559 ne
1174 2526 1213 2558 ab
1244 2526 1282 2559 iis
1321 2528 1530 2559 damnaretur
1556 2550 1566 2566 ,
1614 2530 1759 2560 Gratiam
1791 2526 1862 2560 AD
1890 2527 2132 2562 SINGULOS

1101 2567 1259 2601 ACTUS
1293 2566 1414 2601 DARI
1433 2592 1440 2600 .
1478 2567 1672 2601 Concilium
1701 2567 1802 2601 etiam
1832 2569 2016 2609 plenarium
2045 2569 2129 2603 Car-

1101 2608 1291 2650 rhaginense
1322 2619 1392 2651 214.
1423 2609 1635 2642 Sacerdotum
1654 2631 1665 2648 ‚
1695 2610 1784 2649 cujus
1814 2610 1966 2642 meminit
1996 2610 2129 2652 Prosper

1101 2649 1252 2684 adversus
1269 2648 1398 2683 Collat.
1424 2661 1493 2696 cap.
1513 2661 1560 2683 10.
1580 2654 1614 2684 δε
1637 2651 1762 2691 respon.
1791 2652 1832 2683 ad
1862 2662 1930 2692 cap.
1950 2651 1979 2684 8.
2002 2652 2130 2686 Gallo-

1100 2703 1193 2730 rum,
1224 2691 1334 2724 statuit
1364 2691 1398 2724 in
1427 2702 1445 2724 e
1470 2692 1517 2724 ist.
1547 2692 1714 2732 Synodica
1746 2693 1786 2724 ad
1805 2692 1972 2726 zosimum
1992 2717 2001 2731 ‚
2032 2693 2121 2726 Gra-

1099 2733 1180 2767 tiam
1217 2732 1285 2766 Dei
1323 2743 1378 2774 per
1410 2733 1435 2776 J
1468 2732 1566 2767 SUM
1604 2733 1774 2779 Christum
1820 2733 2013 2769 Dominum
2062 2746 2126 2768 no-

1099 2775 1199 2808 strum
1220 2785 1289 2808 non
1311 2774 1419 2807 solum
1442 2775 1483 2807 ad
1506 2776 1767 2816 cognoscendam
1787 2797 1796 2812 ‚
1826 2779 1939 2808 verum
1961 2775 2061 2808 etiarn
2081 2778 2123 2809 ad

1099 2815 1285 2849 faciendam
1321 2815 1477 2856 justitiam
1501 2839 1512 2854 ‚
1556 2827 1617 2849 nos
1656 2815 1746 2849 PER
1774 2816 1933 2849 ACTUS
1960 2816 2127 2851 SINGU-

1100 2856 1187 2891 LOS
1210 2858 1362 2897 adjuvare
1380 2881 1391 2896 ,
1413 2856 1457 2889 ita
1489 2867 1523 2890 ut
1544 2857 1683 2891 NIHIL
1712 2857 1779 2890 line·
1805 2856 1909 2899 gratia
1938 2868 2021 2890 verae
2051 2857 2125 2891 san..

1097 2901 1224 2941 ctaeque
1246 2898 1374 2940 pietatis
1396 2897 1530 2937 habere,
1551 2898 1715 2940 cogitare,
1738 2898 1842 2931 dicere
1863 2921 1874 2936 ‚
1902 2909 1995 2940 agere
2014 2902 2126 2934 va‘ea-

1099 2940 1327 2973 mus.Caetera
1348 2939 1398 2986 his
1419 2939 1536 2976 similia
1557 2941 1631 2973 loca
1653 2939 1711 2986 qui
1730 2940 1888 2990 colligere
1909 2942 2031 2986 vell-et,
2055 2953 2124 2975 rem

1096 2983 1332 3057 ἓῑῗὲῗῗξῖῗῗῖς
1344 2981 1607 3065 ἑὲῖᾟιῗὲξῖωᾴυῑ
1623 2982 1802 3055 mffldv‘k‘iss‘ii
1819 2992 1896 3064 ἷὲἑὲ
1911 2988 2126 3064 Egisti-11¹1&

1097 3065 1131 3098 id
1152 3076 1251 3098 omne
1282 3064 1465 3109 assequutos
1496 3064 1610 3109 probat
1632 3063 1759 3109 {aniius
1790 3064 1972 3109 Apostolus
2003 3065 2123 3099 Paulus

1097 3106 1210 3139 multis
1254 3106 1334 3138 locis
1359 3128 1370 3143 ‚
1408 3104 1584 3147 praesertim
1613 3104 1649 3137 in
1690 3104 1845 3145 hpistolis
1874 3107 1915 3138 ad
1946 3106 2123 3140 Romanos

1098 3152 1131 3181 δε
1151 3149 1192 3180 ad
1214 3146 1355 3180 Galatas
1373 3168 1384 3183 ,
1415 3158 1484 3179 non
1511 3146 1604 3188 ipfius
1630 3145 1711 3188 legis
1737 3146 1895 3180 beneficio
1917 3170 1927 3185 ,
1959 3146 2011 3181 sed
2041 3149 2123 3184 novi

1097 3187 1303 3222 Testamenti
1325 3199 1381 3229 per
1401 3187 1567 3221 Christum
1587 3187 1697 3220 omnis
1718 3187 1828 3228 gratiae
1849 3188 2022 3230 meritique
2047 3191 2123 3224 Au-

1096 3239 1203 3263 torem
1232 3254 1240 3261 .
1280 3228 1324 3262 Et
1361 3231 1509 3270 praeclare'
1538 3228 1668 3262 testatur
1705 3229 1906 3270 Augustinus
1936 3231 1992 3263 lib.
2025 3242 2051 3264 1.
2081 3234 2121 3266 de

1096 3282 1181 3313 pecc.
1211 3281 1287 3303 mer.
1321 3273 1354 3303 &
1381 3271 1493 3303 remim
1521 3282 1588 3311 cap.
1622 3281 1668 3302 11.
1698 3274 1836 3310 Regnum
1873 3276 1978 3305 mortis
1994 3276 2062 3313 sola
2087 3277 2120 3306 in

1096 3313 1227 3354 quolibet
1254 3314 1370 3344 homine
1392 3315 1496 3353 gratia
1523 3312 1648 3352 destruit
1673 3314 1846 3344 Salvatoris
1870 3335 1881 3351 ,
1911 3325 1975 3353 quae
1996 3324 2120 3355 operata

1096 3355 1137 3393 esi
1172 3357 1266 3386 etiam
1293 3352 1347 3387 IN
1376 3353 1613 3399 ANTIQUIS
1643 3352 1842 3386 SANCTIS
1868 3378 1875 3386 .
1914 3354 2119 3400 Quicunque

1095 3398 1232 3437 ficerunt
1249 3417 1259 3433 ,
1289 3403 1459 3435 antequam
1483 3399 1515 3427 in
1531 3407 1620 3428 carne
1647 3393 1775 3435 Christus
1800 3399 1924 3428 veniret
1949 3419 1960 3436 ‚
1989 3399 2028 3429 ad
2054 3399 2119 3437 ejus

1096 3447 1201 3470 tamen
1244 3435 1450 3473 adjuvantem
1489 3440 1624 3478 gratiam
1649 3459 1660 3474 ‚
1699 3448 1758 3468 non
1791 3438 1829 3470 ad
1856 3439 1927 3479 legis
1959 3440 2086 3471 literam
2106 3463 2118 3479 ,

1117 3491 1159 3511 uae
1173 3477 1275 3515 tubere
1292 3485 1417 3510 tantum
1435 3501 1445 3516 ‚
1477 3490 1534 3510 non
1550 3478 1704 3517 adjuvare
1719 3486 1840 3519 poterat
1856 3486 1869 3517 ζ
1893 3481 2089 3521 pertinebant
2109 3504 2117 3512 .

1134 3530 1173 3552 oc
1190 3529 1333 3565 namque
1354 3519 1578 3565 occultabatur
1596 3519 1629 3552 in
1647 3518 1748 3552 veteri
1766 3519 1838 3560 lege
1856 3531 1915 3561 pro
1933 3531 2117 3562 temporum

1096 3560 1331 3605 dispensatione
1347 3559 1513 3600 justiffima
1526 3583 1535 3599 ,
1556 3562 1646 3603 quod
1665 3571 1755 3596 nunc
1772 3559 1807 3594 in
1825 3573 1916 3606 novo
1926 3563 2118 3598 Testamen-

1094 3612 1131 3636 to
1152 3603 1328 3637 revelatur.
1355 3633 1358 3640 ,

1703 3643 1737 3677 T
1781 3654 1798 3677 2
1964 3644 2078 3686 Super-
