2430 3958
1976 192 2080 274 69

1269 246 1276 254 ι
1350 242 1354 254 Ι

12 412 856 555 ‚..E'CCLE51AE
923 442 1446 527 QUARTi
1514 443 2066 527 SAECULI.

12 578 14 612 ³
139 581 141 583 ’
452 578 1099 649 ΗΙᾶΤΟΚΙΟΑ
1165 577 1740 635 SYNOPSIS.

65 730 83 756 ι
269 712 536 756 BDICATIO
577 707 814 752 Diocletiani
840 706 900 763 ,δι
939 705 1063 764 Maxi—

12 763 14 775 '
116 724 256 871 Α
287 769 407 806 miani
447 762 627 806 nonnihil
661 757 1065 816 persecutionemnm-

46 844 50 848 -
287 821 426 859 minuit
452 843 468 866 ,
509 830 592 857 eam
619 825 750 853 tamen
780 817 862 853 no'n
899 820 1070 866 extinxit

10 860 14 896 l
57 875 236 924 quandiu
279 868 510 919 superstitere
552 865 728 907 Galerius
757 859 1028 920 Armentarius
1054 883 1070 906 ,

56 928 97 965 δι
127 926 261 968 Romae
299 924 519 962 Maxentius
558 916 788 958 Maximiani
824 912 993 954 Herculii
1031 910 1072 971 si-

12 988 13 1007 l
56 978 131 1019 lius
157 1003 174 1026 ,
220 982 261 1019 in
300 963 462 1015 Oriente
495 971 587 1011 vero
617 969 861 1010 Maximinus
899 967 938 1004 δι
974 965 1072 1006 Lici„

10 1044 13 1075 i
56 1033 144 1071 nius
163 1050 182 1069 s
226 1022 542 1071 Moderatiffimus
589 1023 766 1068 Princeps
813 1017 1069 1057 Constantius

10 1078 14 1119 l
55 1085 197 1123 amoris
226 1079 366 1123 affeetu
407 1090 494 1127 erga
520 1073 764 1116 Christianos
807 1066 1013 1120 propensus
1052 1092 1070 1128 3

10 1121 14 1186 ᾗ
61 1133 205 1175 Galliis
233 1135 282 1173 &'
306 1124 513 1171 Britanniis
547 1136 755 1167 contentus
772 1146 789 1169 3
825 1122 940 1162 Italia
956 1145 976 1182 ,⁶
1006 1123 1076 1180 ῌι-

10 1193 14 1243 i
54 1184 262 1234 spaniaque
290 1209 305 1231 ,
342 1184 382 1221 &
407 1177 539 1221 Africa
565 1176 704 1226 sponte
734 1172 1073 1232 ceffit·Maximia-

9 1246 13 1279 1
54 1252 110 1277 no
138 1235 301 1277 Galerio
336 1233 583 1272 Armentario
611 1258 621 1268 .
660 1231 735 1270 Hic
761 1227 852 1267 vero
877 1224 990 1266 austa
1017 1226 1072 1265 di-

11 1287 13 1321 l
58 1291 167 1329 tione
187 1284 253 1326 sua
278 1288 451 1338 geminos
473 1285 619 1324 creavit
642 1278 810 1322 Caesares
831 1303 847 1326 3
884 1281 1065 1320 Severum

9 1323 14 1369 l
53 1338 236 1382 Occiduis
262 1339 466 1386 provinciis
494 1337 533 1376 &
560 1335 822 1375 Maximinum
842 1328 990 1371 ’sororis
1025 1327 1067 1370 fi·

9 1394 14 1431 3
51 1387 422 1433 lsumorientalibus
441 1386 660 1438 regionibus
672 1382 930 1433 praeficiendo.
958 1385 1068 1425 Con-

10 1439 14 1484 ἕ
50 1442 211 1484 stantius
236 1441 409 1487 Chlorus
436 1454 518 1480 non
547 1438 649 1478 ultra
673 1437 871 1478 biennium
907 1432 1084 1485 Augusti·

9 1494 14 1525 ὅ
49 1495 239 1545 dignitate
249 1496 396 1542 potitus
411 1492 483 1534 est.
511 1488 574 1531 Ad
586 1502 859 1541 ‘eumextrema
878 1487 1066 1537 aegritudi-

10 1530 14 1587 l
47 1561 100 1588 ne
117 1546 283 1587 Eboraci
301 1550 342 1586 in
362 1558 501 1596 magna
519 1544 722 1584 Britannia
737 1540 1063 1596 decumbentem,

11 1602 13 1631 ἓ
49 1596 151 1640 filius
167 1597 454 1639 Constantinus
471 1622 484 1644 3
513 1608 627 1646 quem
649 1608 696 1634 ex
722 1594 875 1634 Helena
901 1591 1065 1639 suscepe-

11 1641 13 1674 3
50 1663 112 1691 rat
127 1674 143 1697 3
175 1648 339 1699 dilapsus
356 1651 377 1689 ὲ
394 1649 567 1690 custodia
583 1661 661 1698 qua
681 1660 768 1686 eum
803 1643 984 1685 Galerius
1002 1645 1065 1683 de·

9 1676 13 1750 l
48 1701 199 1743 tinebat
216 1727 231 1749 ,
268 1702 431 1751 publicis
454 1703 570 1741 etiam
588 1711 833 1751 quacumque
852 1693 1067 1744 proficisce-

10 1768 13 1805 ι
47 1753 164 1799 batur
182 1757 326 1796 necatis
344 1755 550 1802 jumentis,
578 1764 620 1791 ut
642 1747 949 1800 persequentium
970 1747 1065 1788 cele-

10 1809 13 1843 ἴ
46 1809 207 1847 ritatem
225 1805 403 1846 evaderet
419 1830 434 1852 ,
469 1802 592 1844 fausto
611 1798 774 1843 succeffu
795 1797 967 1891 confuffit
983 1814 996 1844 5
1024 1803 1063 1839 in

10 1864 13 1888 ⁸
46 1861 154 1907 eujus
181 1859 388 1907 complexu·
405 1858 536 1897 laetitia
556 1852 691 1896 effusus
715 1867 824 1903 pater
841 1865 914 1900 pau
935 1851 1065 1900 ospost

45 1913 218 1951 animam
227 1906 347 1949 emisit
357 1922 466 1949 anno
486 1907 633 1948 Christi
649 1905 915 1947 trecentesimo
934 1903 1042 1944 sexto
1055 1931 1066 1942 .

101 1975 122 2001 ι
150 1961 338 2013 Qamvis
356 1959 473 2000 Italia
489 1958 653 1999 ceffione
674 1958 902 2017 Constantii
923 1957 1065 1997 ditioni

9 2026 13 2041 ²
45 2012 198 2054 Galerii
216 2008 441 2059 accessisset,
469 2011 571 2050 hanc
588 2023 719 2051 tamen
747 2012 1064 2059 praetorianorum

9 2085 13 2117 S
45 2064 243 2112 militum,
279 2066 319 2104 δε
339 2067 552 2103 amicorum
569 2060 737 2103 factione
763 2059 955 2110 usurpavit
975 2062 1060 2101 Ma-

10 2151 12 2170 2
45 2118 225 2163 xentius,
253 2118 497 2158 Maximiano
515 2115 704 2157 Herculio
733 2127 846 2155 natus
867 2142 877 2152 .
914 2112 1060 2154 Adver-

9 2179 14 2214 ι
45 2165 107 2214 fus
116 2180 231 2218 quem
250 2169 429 2209 Galerius
447 2169 626 2208 Severum
648 2166 835 2208 Caesarem
854 2181 941 2206 cum
955 2165 1070 2211 exer?

9 2219 13 2267 l
47 2223 129 2261 citu
146 2218 244 2263 mifit
265 2237 277 2258 .·
313 2223 380 2270 qui
404 2222 536 2260 tamen
563 2219 764 2260 destitutus
789 2234 813 2258 a
841 2217 912 2260 suis
937 2243 952 2272 3
990 2218 1063 2257 Ra-

9 2275 13 2286 '
47 2269 578 2322 vennamfugerecompulsus
598 2274 670 2311 est.
707 2272 970 2318 Galeriusipie
984 2270 1061 2310 Ro-

9 2300 13 2381 f
45 2335 151 2363 mam
165 2324 369 2364 contendit
388 2328 494 2364 novo
520 2319 734 2365 succinctus
757 2337 965 2368 exercitu,
1001 2320 1062 2362 sed

9 2389 14 2412 i
47 2389 74 2415 a
92 2374 276 2418 militibus
299 2379 459 2427 quoque
488 2375 653 2417 desertus
678 2379 716 2415 in
743 2378 929 2418 Illiricuin
948 2372 983 2415 se
1010 2389 1062 2415 re-

47 2430 152 2475 cepit
171 2451 186 2474 ,
212 2427 342 2479 ibique
370 2428 564 2470 Licinium
593 2428 782 2470 Caesarem
806 2428 974 2468 creavit.
1001 2429 1061 2468 In-

10 2436 14 2525 l
47 2491 156 2520 terea
178 2480 381 2520 Herculius
406 2482 610 2529 Imperium
637 2493 718 2531 quo
735 2480 771 2522 se
790 2483 934 2520 invitus
958 2478 1062 2519 abdi-

11 2532 14 2616 t
45 2544 204 2572 caverat
231 2530 414 2573 resumere
441 2529 641 2574 affectavit
658 2558 674 2581 3
710 2536 749 2573 &
775 2533 919 2580 scriptis
945 2532 1062 2574 literis

44 2583 344 2624 Diocletianum
367 2597 408 2624 ut
427 2585 526 2625 idem
535 2582 676 2627 faceret
690 2609 706 2633 3
742 2583 1060 2629 adhortatusest3

43 2631 109 2675 sed
143 2639 222 2682 ejus
252 2636 506 2677 ambitionem
523 2638 564 2677 δι
590 2637 892 2678 inconstantiam
921 2635 1059 2685 sprevit

24 2687 323 2731 ·Dioc1et1·anus
343 2713 358 2736 ,
393 2686 622 2738 respondens
643 2687 678 2730 se
703 2694 874 2741 quietem
892 2693 932 2731 δι
955 2690 1062 2728 volu-

9 2754 15 2814 ὅ
42 2750 194 2788 §tatem
213 2765 228 2788 ,
268 2754 346 2791 qua
365 2744 406 2781 iri
426 2739 669 2782 conserendis
697 2742 936 2782 &colendis
953 2742 1061 2783 Salo-

10 2815 15 2849 ί
44 2804 104 2833 1¹ae
133 2791 260 2834 hortis
288 2792 485 2834 fruebatur
504 2817 518 2840 ,
554 2794 671 2844 longe
706 2797 855 2843 Imperii
892 2794 1060 2835 Romani

10 2863 15 2902 3
45 2842 176 2936 gloriae
190 2843 384 2887 anteferre
402 2870 417 2893 ,
452 2846 618 2898 ideoque
636 2851 681 2886 irr
705 2845 906 2896 proposito
925 2844 959 2886 se
979 2860 1062 2895 per-

10 2911 16 2934 ι
75 2894 164 2938 stete
183 2921 199 2945 ,
234 2900 393 2947 privatae
420 2902 638 2950 quietaeque
662 2912 780 2949 quam
808 2899 978 2950 elegerat
1008 2903 1062 2939 vi-

12 2956 24 3005 J
47 2959 97 2989 τε
113 2976 124 2988 .
149 2951 356 2990 Herculius
381 2950 575 2999 primum,
613 2949 718 3002 quafi
741 2951 971 2993 honorarius
997 2966 1062 3001 pa-

10 2977 15 3041 l
44 3002 102 3042 cis
122 3002 223 3042 inter
249 3000 373 3043 filium
395 3004 640 3044 Maxentium
662 3006 701 3044 &
731 3005 910 3045 Severum
934 3008 1065 3045 conci-

10 3043 15 3112 }
50 3052 178 3095 liandae
201 3054 344 3095 arbiter
364 3079 382 3102 ,
419 3055 511 3095 data
534 3055 622 3096 huic
635 3056 876 3104 jurisjurandi
894 3053 969 3097 fide
988 3057 1061 3098 Ra-

9 3114 15 3174 ,
49 3115 174 3145 venta
189 3106 351 3150 eundem
371 3106 505 3148 eduxit
526 3131 541 3155 3
576 3108 837 3160 eductumque
857 3106 1059 3157 perfidiose

10 3174 16 3242 1
52 3155 310 3200 Maxentianis
324 3160 480 3200 tradidit
502 3161 754 3202 occidendum
774 3178 782 3199 :
811 3175 852 3203 ac
868 3161 1053 3213 deindei'l-

50 3203 112 3265 ¹9⁵.
127 3215 168 3248 ut
180 3207 214 3250 fe
229 3210 323 3255 duce
341 3211 510 3252 militent
528 3211 703 3253 adversus
728 3215 974 3254 Maxentium
987 3211 1058 3254 sol·
1074 3238 1076 3243 ·

11 3270 15 3313 ᾗ
49 3256 174 3298 licitat
192 3287 203 3299 .
237 3263 308 3320 §ed
325 3261 484 3312 perfidus
507 3269 626 3317 ,senex
653 3265 800 3306 abillis
825 3263 1026 3312 despectus.
1042 3291 1057 3312 3

12 3323 14 3363 ζ
48 3307 198 3368 spaeque
212 3326 297 3353 vitae
319 3329 492 3357 metuens
512 3317 562 3358 ad
581 3317 888 3357 Constantinum
906 3321 944 3357 in
965 3320 1058 3358 (Jal—

11 3377 16 3434 i
47 3362 141 3407 llam
158 3367 336 3414 recurrit,
363 3370 473 3419 eique
491 3368 664 3409 Faustam
674 3368 797 3409 filiam
815 3383 978 3417 nuptum
989 3371 1056 3411 dat

12 3450 14 3474 :
44 3426 143 3473 eum.
167 3414 320 3475 Imperii
344 3419 464 3459 dotali
498 3419 618 3460 titulo
635 3451 645 3460 .
664 3424 746 3466 ,His
779 3423 932 3462 demum
960 3423 1058 3463 cele-

12 3482 15 3519 i
43 3463 164 3505 bratis
198 3478 372 3525 nuptiis,
403 3483 567 3512 mentem
588 3471 689 3518 suam
710 3475 756 3515 de
783 3474 1056 3516 Constantino

11 3527 15 3576 j
42 3530 184 3576 genero
207 3518 454 3577 disperdendo
470 3548 485 3570 ,
512 3522 597 3564 filiae
619 3523 690 3566 suae
707 3539 829 3575 aperit
848 3555 858 3565 .
897 3525 970 3566 Illa
991 3541 1055 3576 pa-

12 3577 15 3631 ᾗ
43 3581 112 3610 tris
129 3566 329 3618 perfidiam
345 3573 637 3625 exhorrescens,
663 3581 785 3619 virum
802 3576 967 3620 seorsum
988 3580 1056 3623 ad-

1106 719 1266 754 monet,
1294 719 1336 747 ut
1358 704 1423 748 fibi
1434 706 1484 746 ab
1506 706 1648 748 insidiis
1673 706 1792 750 soceri
1814 720 1972 747 caveat.
1991 709 2142 748 Hercu-

1112 758 1183 800 lius
1200 773 1278 799 rein
1291 756 1496 807 suspicatus
1514 784 1530 806 ,
1553 765 1747 801 autetiam
1763 761 1784 799 a
1796 757 1873 799 filia
1892 771 2053 815 quoque
2073 759 2138 798 ad-

1113 814 1309 858 monitus,
1324 817 1374 852 {ut
1391 809 1546 851 fisalvus
1559 810 1632 852 effe
1649 813 1768 859 velit,
1795 810 1885 862 fuga
1899 813 1934 850 le
1945 814 2141 860 quampri-

1113 862 1220 903 mum
1239 866 1452 911 proripiat,
1480 861 1579 903 clam
1594 861 1740 913 aufugit
1759 882 1769 903 .-
1798 862 1859 904 sed
1880 863 1970 903 miili
1989 862 2010 903 a
2028 864 2139 904 Con.

1113 915 1287 954 stantino
1309 916 1451 956 celeres
1473 912 1728 963 percussores,
1760 916 1870 955 illum
1891 913 2061 955 Maffiliae
2083 917 2139 953 in-

1115 980 1332 1015 terceptum
1357 965 1608 1008 interfecere:
1637 979 1717 1018 quo
1732 968 1912 1016 exemplo
1932 964 2142 1007 confirma-

1111 1033 1196 1059 tum
1212 1019 1308 1060 illud
1325 1019 1399 1064 est3
1424 1017 1567 1070 perfida
1576 1018 1737 1060 consilia
1756 1016 1828 1060 effe
1845 1020 2002 1060 tandem
2026 1032 2125 1058 auto

1114 1072 1218 1112 ribus
1239 1072 1439 1113 exitialia.
1898 1087 1907 1101 τ

1169 1135 1187 1174 3
1218 1122 1298 1173 Ipse
1316 1123 1748 1166 Constantinusdumin
1768 1123 1910 1165 Galliis
1930 1124 2139 1174 expeditio-

1115 1191 1203 1217 nem
1220 1190 1361 1216 contra
1371 1178 1620 1217 Maxentium
1630 1190 1767 1225 parat,
1795 1177 1930 1217 divino
1951 1177 2140 1218 Crucisin

1111 1228 1215 1269 coelo
1242 1228 1437 1269 rutilantis
1456 1228 1610 1270 ostento
1631 1253 1647 1276 3
1682 1231 1721 1269 &
1740 1229 1947 1268 victoriam
1979 1229 2047 1269 sub
2067 1225 2141 1268 tali

1109 1279 1278 1329 auspicio·
1307 1279 1531 1328 pollicentis
1556 1281 1782 1321 admonitus
1800 1305 1815 1327 ,
1856 1279 1981 1320 verbis
2019 1283 2139 1320 etiam

1109 1332 1278 1373 Rheticii
1297 1332 1507 1387 Heduenfis
1521 1331 1701 1381 Episcopi
1717 1330 1971 1372 confirmatus
1984 1357 2000 1378 ,
2024 1334 2064 1372 δι
2085 1333 2143 1370 in-

1108 1385 1284 1432 stitutus,
1313 1383 1580 1425 Christianam
1607 1384 1858 1432 amplectitur
1878 1385 2140 1434 religionem,

1109 1436 1417 1488 &progrediens
1433 1461 1449 1484 ,
1485 1451 1592 1478 arces
1612 1461 1627 1484 3
1665 1439 1705 1476 &
1724 1433 1889 1484 praefidia
1913 1440 1952 1475 in
1977 1434 2144 1483 Alpibus

1110 1487 1176 1529 sibi
1195 1489 1348 1537 obieeta
1368 1502 1564 1540 expugnat
1583 1513 1600 1538 ,
1636 1501 1713 1529 tres
1733 1490 1931 1528 Maxentii
1949 1491 2144 1528 exercitus

1108 1541 1267 1581 collatis
1296 1540 1408 1589 fignis
1441 1539 1571 1582 fundit
1594 1569 1605 1580 .
1646 1541 1805 1588 Qiarta
1829 1540 1984 1580 demum
2029 1542 2146 1586 acie,

1106 1594 1157 1632 ad
1182 1592 1281 1640 ipi'os
1310 1593 1441 1644 Romae
1471 1607 1601 1633 muros
1620 1618 1636 1640 ,
1681 1605 1910 1643 quanquam
1930 1594 2054 1648 copiis
2098 1605 2146 1632 ac

1105 1644 1270 1685 militum
1290 1658 1453 1686 numero
1479 1643 1635 1685 inferior
1658 1670 1674 1691 ,
1708 1641 1825 1686 caesos
1856 1647 2144 1685 Maxentianos

1110 1699 1227 1738 vertit
1244 1699 1282 1736 in
1293 1694 1446 1748 fugam,
1465 1700 1505 1737 in
1518 1696 1598 1747 qiia
1609 1698 1835 1738 Maxentius
1845 1694 1946 1746 ipse,
1970 1695 2064 1736 dum
2077 1698 2149 1736 Ti-

1107 1747 1226 1789 berim
1243 1752 1385 1795 trajicit
1403 1748 1535 1799 ligneo
1561 1762 1685 1798 ponte
1707 1747 1774 1788 sub
1802 1762 1982 1799 equitum
2011 1746 2149 1789 multi-

1107 1801 1242 1841 tudine
1272 1797 1476 1841 fatiscente
1508 1805 1614 1841 amni
1641 1799 1830 1842 demersus
1849 1803 1983 1848 periit.

1158 1865 1185 1903 4
1213 1852 1394 1893 Galerius
1424 1851 1492 1893 sub
1530 1851 1660 1893 iisdem
1690 1851 1932 1900 temporibus
1958 1856 2000 1893 in
2034 1852 2142 1895 Urbe

1109 1904 1269 1947 Sardica
1288 1904 1423 1947 Illiriei
1440 1907 1480 1946 &
1497 1907 1632 1947 Daciae
1651 1903 1871 1952 Metropoli
1890 1929 1905 1952 ,
1933 1918 2143 1955 correptus

1109 1962 1269 2001 immani
1295 1957 1434 1998 morbo
1452 1982 1467 2006 ,
1505 1961 1606 2000 inter
1624 1962 1832 1999 acerrimos
1864 1960 1963 2008 ignis
1994 1960 2141 1999 interni

1106 2012 1324 2057 cruciatus,
1352 2014 1538 2052 vermium
1555 2010 1797 2053 corrosiones
1816 2035 1831 2058 ,
1869 2013 1909 2050 δε
1927 2011 2010 2051 dira
2027 2008 2156 2052 visce··

1108 2077 1194 2102 rum
1217 2065 1387 2103 tormina
1404 2089 1417 2109 ,
1452 2061 1771 2106 sceleratiffimam
1803 2066 1975 2103 animam
1993 2066 2142 2112 expira-

1100 2118 1180 2162 vit,
1210 2113 1340 2157 mi‘iltis
1367 2114 1497 2167 occifis
1514 2113 1670 2158 medicis
1689 2142 1704 2165 ,
1740 2119 1808 2167 qui
1829 2113 2012 2157 foetorem
2032 2120 2140 2156 into-

1101 2167 1302 2210 lerabilem
1322 2181 1369 2207 ex
1388 2172 1466 2216 ejus
1482 2183 1647 2218 corpore
1662 2167 1924 2211 exhalantem
1938 2166 2036 2214 ferte
2055 2182 2139 2208 non

1102 2232 1315 2268 potuerant
1335 2249 1344 2258 -
1384 2223 1479 2263 Duo
1497 2222 1624 2263 adhuc
1649 2224 1810 2273 tyranni
1832 2220 2057 2269 supererant
2079 2221 2141 2261 Li·

1101 2275 1223 2313 cinius
1239 2274 1278 2311 &
1296 2275 1532 2314 Maximinus
1554 2303 1565 2313 .
1592 2274 1662 2315 Iste
1684 2273 1889 2324 postquam
1907 2275 2137 2313 innumeros

1103 2322 1348 2364 Christianos
1383 2323 1573 2366 atrociter
1599 2329 1847 2366 excruciatos
1882 2328 1967 2365 neci
1994 2325 2101 2372 dedit
2124 2349 2142 2372 3

1105 2374 1246 2414 stolido
1279 2376 1435 2416 tandem
1463 2375 1628 2416 confilio
1658 2378 1853 2418 Licinium
1876 2375 1984 2417 beilo
2015 2376 2140 2418 adori·

1104 2440 1199 2472 tur,
1239 2427 1334 2468 nihil
1369 2429 1449 2468 tale
1477 2431 1712 2477 opinantem
1737 2452 1754 2476 ,
1794 2425 1948 2479 ejusque
1978 2431 2016 2469 in
2044 2427 2141 2471 fines

1104 2477 1295 2529 hostiliter
1314 2483 1491 2528 irrumpit
1508 2499 1521 2520 .·
1548 2478 1610 2522 sed
1636 2478 1838 2522 commisso
1860 2480 1989 2528 praelio
2012 2481 2141 2521 vidtus'

1102 2546 1126 2572 a
1153 2531 1309 2572 Licinio
1325 2556 1341 2580 3
1376 2530 1604 2583 fugatusque
1623 2530 1697 2573 fuit
1717 2562 1727 2572 .
1768 2535 1820 2575 Et
1845 2532 2005 2574 subinde
2033 2531 2141 2574 Tarfi

1102 2587 1142 2623 in
1153 2583 1297 2624 Cilicia
1307 2583 1485 2625 diriffimo
1498 2585 1748 2625 conflictatus
1760 2584 1900 2626 morbo
1915 2609 1932 2632 ,
1957 2584 2139 2633 ultricem

1105 2638 1182 2677 Dei
1201 2650 1359 2676 manum
1377 2640 1542 2688 agnovit
1574 2661 1588 2683 3
1625 2639 1666 2677 &
1689 2637 1800 2688 quod
1814 2637 2071 2679 moribundus
2088 2636 2138 2679 fe—

1103 2701 1208 2728 cerat
1228 2688 1436 2736 Galerius,
1463 2689 1592 2730 edidla
1616 2702 1782 2747 quoquev
1796 2704 1868 2739 pro
1892 2689 2136 2730 Christiano-

1104 2754 1188 2780 rum
1206 2741 1387 2783 libertate
1407 2742 1694 2792 promulgavit,
1724 2743 1859 2793 qualia
1879 2755 1996 2782 etiam
2017 2741 2138 2783 Gale-

1103 2806 1182 2832 rius
1203 2795 1320 2833 morti
1338 2796 1546 2842 ,proximus
1572 2795 1747 2835 ediderat
1769 2822 1780 2833 .
1803 2791 1986 2835 “Licinius
2008 2794 2137 2833 vietor

1105 2844 1246 2886 liberos
1266 2847 1476 2886 Maximini
1509 2861 1645 2888 omnes
1669 2845 1840 2886 trucidat
1857 2870 1874 2892 ,
1912 2860 1961 2885 ne
1977 2848 2063 2895 quis
2085 2860 2134 2886 ex

1102 2901 1221 2946 impia
1243 2900 1283 2938 δε
1305 2896 1438 2938 odiosa
1455 2903 1639 2948 progenie
1661 2895 1886 2946 superesset,
1912 2897 2135 2948 devietique

1106 2953 1331 2999 provincias
1358 2964 1496 2992 omnes
1515 2951 1681 2991 invadit-

1162 3013 1181 3050 ς
1211 3005 1274 3043 Sic
1312 3004 1425 3054 igitur
1461 3001 1611 3053 factum
1639 3002 1721 3046 est,
1768 3015 1811 3042 ut
1842 2999 2025 3042 universae
2053 3001 2131 3042 Ro-

1108 3067 1315 3094 manorum
1341 3056 1496 3103 Imperii
1525 3058 1734 3103 provinciae
1763 3054 1914 3094 duobus
1946 3056 2136 3103 Principi-

1100 3105 1171 3147 bus
1192 3118 1371 3154 parerent
1397 3131 1414 3154 ,
1442 3109 1583 3148 Oriens
1597 3108 1754 3149 Licinio.
1776 3106 1974 3146 idolorum
2004 3105 2137 3146 culto-

1087 3162 1155 3204 .ri,
1183 3156 1229 3196 &
1249 3158 1442 3199 Occidens
1460 3157 1970 3200 ConstantinoChristiano
1989 3176 2001 3196 .-
2015 3170 2131 3217 'quos

1100 3214 1202 3251 inter
1238 3211 1376 3251 ambos
1405 3208 1553 3252 foedera
1597 3215 1810 3261 junguntur
1836 3238 1846 3249 .
1893 3210 2067 3252 Licinius
2102 3225 2127 3250 a

1101 3261 1374 3306 Constantino
1403 3267 1589 3304 invitatus
1623 3262 1897 3304 Mediolanum
1933 3263 2084 3303 accedit
2111 3287 2127 3309 3

1100 3329 1224 3366 eaque
1261 3318 1302 3354 in
1331 3314 1422 3355 urbe
1459 3329 1599 3363 nuptiae
1633 3315 1777 3356 Licinii
1814 3314 2126 3356 &Constantiae

1100 3367 1357 3410 Constantini
1386 3366 1525 3407 sororis
1552 3370 1702 3415 ingenti
1736 3366 1873 3410 laetitia
1901 3369 1942 3407 &
1968 3379 2128 3415 appara-

1101 3434 1143 3460 tu
1181 3420 1429 3461 celebrantur
1456 3449 1465 3458 .
1510 3418 1574 3459 Ad
1606 3420 1678 3460 has
1712 3419 1830 3459 ambo
1864 3420 2125 3467 Imperatores

1100 3471 1412 3521 Diocletianum,
1434 3475 1649 3512 invitarant
1674 3496 1690 3518 3
1731 3484 1774 3512 at
1810 3471 1875 3512 ille
1910 3467 2122 3511 excusatio-

1098 3539 1186 3564 nem
1200 3538 1400 3573 praetexuit
1423 3522 1647 3565 senectutis.
1671 3526 1764 3565 Haec
1784 3537 1998 3565 evenerunt
2013 3536 2122 3561 anno

1101 3589 1186 3628 313.
1216 3581 1381 3622 Biennio
1401 3576 1484 3627 post
1512 3580 1553 3617 in
1574 3576 1780 3619 Dalmatia
1807 3579 1849 3617 in
1875 3576 2001 3615 hortis
2015 3574 2123 3613 §alo-

1948 3638 2072 3666 nianis
