2430 3958
4 300 6 306 ¹
67 304 214 352 Usticae
243 300 460 346 proconsul
505 301 736 346 Donatistas
771 312 860 342 com
911 294 1009 339 scere
1043 299 1084 338 &

69 363 224 411 quietos
245 353 317 397 effe
344 357 448 403 iubet
476 372 486 395 t
522 354 582 396 Illi
612 353 663 394 ab
695 356 772 402 ejus
801 355 838 402 ju
865 349 1018 391 ionibus
1035 349 1083 389 ad

65 410 378 455 Constantinum
396 420 615 458 provocant
623 425 638 453 ,-
663 409 768 455 cujus
793 402 979 444 mandato
998 403 1082 441 Are

5 497 7 504 .
66 462 148 506 12·oe
168 465 208 502 in
229 460 455 509 amplissimo
472 457 664 503 Concilio
679 470 728 499 ex
750 454 927 498 omnibus
948 467 1082 503 prope-

5 518 7 567 Ι
66 514 229 557 modum
266 515 427 562 Europae
457 513 685 562 provinciis*
707 519 959 553 convocatO‚
993 518 1078 546 cau-

6 607 7 614 ,
66 565 111 610 (a
145 566 281 607 eadem
318 563 491 606 revisitur
511 589 525 610 a
576 575 697 614 eaque
734 560 824 601 hinc
856 559 943 600 inde
966 555 1080 616 disce-

6 631 8 639 “
65 629 181 670 ptata
203 642 218 667 ,
252 615 459 659 secundum
487 614 739 659 Caecilianum
766 612 871 653 dieta
892 608 1084 652 sententia

64 669 142 713 fuit
163 698 174 709 .
227 667 282 710 At
314 666 603 718 pertinaciffime
626 664 822 706 -obstinati'
867 658 1075 720 Donatistae

65 723 121 764 ad
141 722 420 772 Imperatorem
441 721 568 762 denuo
587 729 805 767 provocant
821 740 836 762 ,
862 729 886 755 a
914 727 995 765 quo
1012 726 1085 762 pri-

65 773 174 815 murn
207 774 376 814 Romam
411 775 520 814 citati
561 782 670 810 novae
701 768 967 808 damnationis
1003 763 1082 806 sen-

65 829 234 866 tentiam
277 836 510 872 acceperunt
532 847 547 870 9
589 820 719 861 addita
763 820 868 860 exilii
912 831 1029 878 poena
1065 841 1079 864 ³

67 889 191 928 quam
204 876 445 925 postmodum
454 873 736 917 Constantinus
763 873 882 912 nimia
894 868 1080 912 facilitate

65 927 232 974 remifit.

118 993 142 1028 9
172 979 352 1022 Alterum
371 980 669 1022 Meletianorum
696 974 853 1018 schisma
882 973 1084 1034 Meletium

63 1046 248 1075 autorem
275 1032 408 1073 habuit
425 1055 440 1078 ‚
479 1031 588 1080 Lyco
618 1029 690 1079 olis
718 1032 756 1069 in
788 1030 972 1080 AEgypto
996 1028 1085 1075 Epi-

8 1081 12 1160 Ι
68 1081 231 1136 scopum
251 1109 266 1133 ‚
293 1086 361 1135 qui
389 1082 572 1126 obidiver
588 1096 610 1121 a
627 1084 792 1124 crimina
818 1078 890 1122 fuit
914 1093 939 1120 a
967 1081 1084 1120 Petro

10 1169 12 1175 .
70 1135 344 1178 Alexandrino
373 1132 558 1184 Episcopo
587 1131 672 1176 sede
688 1144 817 1175 morus
836 1157 852 1181 ‚
879 1132 1084 1183 postquam

10 1184 12 1230 ἶ
64 1188 265 1231 convictus
299 1185 372 1227 fuit
399 1186 509 1226 idolis
536 1181 751 1227 sacrificasse
780 1182 845 1225 sub
876 1186 1083 1225 Maximini

8 1242 13 1293 Ι
62 1237 331 1291 persecutione
350 1266 360 1276 .
396 1235 589 1278 Perculsus
619 1238 694 1278 hac
729 1236 822 1284 justa
848 1236 1084 1278 condemna-

10 1298 13 1334 Ι
61 1295 175 1334 tione
210 1290 391 1331 Meletius
423 1304 446 1329 a
474 1292 579 1330 Petri
614 1291 895 1331 communione
932 1287 967 1329 se
1003 1285 1083 1328 sub-

10 1341 14 1398 Ι
62 1343 200 1388 duxit,
227 1340 411 1392 suumque
435 1354 507 1392 pro
537 1341 680 1383 viribus
709 1339 867 1381 schisma
895 1353 1067 1390 propagi.

62 1399 149 1436 uit.
177 1394 256 1435 Cui
283 1393 319 1434 sc
347 1390 460 1435 Arius
485 1393 661 1445 adjunxit
682 1418 699 1443 9
736 1396 801 1444 qui
833 1395 950 1433 Petro
978 1392 1082 1433 dela-

59 1446 148 1488 tum
174 1444 417 1495 prensaverat
437 1445 709 1495 Episcopatum
724 1471 739 1491 ,
769 1443 988 1485 ambitione
1004 1456 1083 1494 pre-

13 1505 15 1527 ³
59 1510 152 1547 ceps
191 1497 412 1549 invidiaque
449 1495 646 1538 tabescens
665 1522 680 1546 3
719 1499 759 1538 δε
794 1495 944 1538 futurus
979 1495 1082 1536 orbis

12 1559 16 1613 Ι
60 1562 172 1598 ‚terrae
190 1552 384 1592 teterrima
412 1549 519 1597 pestis
534 1578 544 1588 .
571 1547 654 1598 Ipse
672 1551 765 1591 vero
787 1550 921 1589 Petrus
940 1547 1083 1589 doctri·

14 1623 15 1629 ¹
51 1615 149 1650 na,
181 1602 404 1649 charitate,
442 1601 648 1652 vigilantia
668 1626 684 1649 0
725 1604 914 1651 omnique
941 1604 1084 1647 pietate

14 1667 16 1678 ¹
62 1653 243 1705 insignis,
271 1653 473 1705 postquam
502 1651 690 1694 Ecclefias
711 1655 880 1704 AEgypti‘
910 1647 1085 1691 difficilli-

13 1715 18 1759 Ι
61 1709 134 1748 mis
162 1703 470 1755 persecutionum
508 1705 744 1753 temporibus
770 1702 994 1746 sanctissime
1029 1717 1082 1743 re-

57 1761 121 1799 xit
139 1783 155 1806 a
183 1771 255 1807 pro
281 1755 358 1798 fide
376 1756 598 1811 Christiana
626 1759 754 1806 capite
780 1754 891 1797 cvaesus
910 1754 983 1796 est.
1010 1754 1083 1795 Ista

60 1810 158 1851 vero
187 1811 394 1850 Maximini
421 1807 633 1856 persecutio
671 1812 902 1854 innumeros,
931 1808 1084 1857 Marty-

61 1877 120 1905 res
145 1858 355 1903 transmisit
378 1863 415 1899 in
427 1859 594 1905 melum,-
620 1863 717 1901 inter
728 1873 826 1911 quos
841 1855 1083 1899 recensentur

14 1921 19 1954 Ι
62 1910 226 1965 One-sare?
238 1911 440 1952 Palaestinae
453 1911 673 1958 Pamphilus
685 1936 700 1959 ³
722 1912 938 1952 eruditione
948 1925 1036 1951 cum
1047 1913 1082 1950 vi

17 1982 19 2015 Ι
62 1961 547 2008 :canditati-‚conjuncta
560 1961 716 2003 mirifice
726 1962 878 2003 illustris
894 1979 908 2007 ,-
935 1965 975 2001 &
993 1965 1083 2002 Pro·

17 2029 19 2062 ἰ
61 2019 199 2067 &opius
237 2013 504 2059 Nicomediae,
540 2014 735 2056 Lucianus
776 2013 1079 2060 Antiochenus-,

0 2102 1 2105 ,
55 2070 197 2112 Graeca
231 2063 423 2107 sacrorum
459 2065 646 2106 librorum
674 2067 848 2107 editione
881 2078 928 2105 ac
954 2079 1080 2106 emen-

54 2121 221 2162 datione
247 2118 298 2158 ad
333 2117 548 2159 Hebraicos
575 2116 701 2158 fontes
737 2117 888 2159 collata
915 2117 1080 2158 ce'cber·

59 2176 208 2215 rimus.
234 2172 278 2212 In
307 2169 384 2210 Phr
411 2172 473 2220 gia
502 2171 590 2211 urbs
607 2196 623 2218 ³
649 2183 722 2222 que
742 2183 831 2211 tota
853 2167 1079 2214 Christiana

58 2237 145 2267 etat
165 2248 182 2271 5
226 2222 340 2263 idolis
393 2220 587 2264 acrificare
620 2236 813 2271 renuens,
849 2219 1079 2263 circumfuso

59 2277 272 2320 Maximini
297 2276 501 2321 exercitu,
530 2289 617 2315 cum
643 2276 790 2317 civibus
817 2273 997 2314 omnibus
1025 2277 1078 2314 in-

19 2327 23 2371 l
61 2324 173 2371 censa
206 2326 286 2368 est·
333 2327 439 2367 sileo
478 2326 706 2367 Catharinae
742 2329 912 2378 Virginis
947 2325 1080 2365 nobile

19 2391 24 2440 Ι
63 2378 845 2430 martyriumsPotamienaequoque'ancill
878 2376 1084 2418 viriethnfi-

22 2456 24 2478 ³
62 2435 105 2474 ci
131 2442 352 2478 certamen,
381 2429 497 2482 quale
515 2444 563 2471 ex
582 2446 649 2472 ore
666 2429 788 2472 saneti
815 2428 851 2471 A
880 2431 979 2471 batis
1001 2427 1079 2468 An-

22 2485 25 2534 Ι
59 2486 166 2526 nonii
191 2494 391 2534 acceptum
421 2482 614 2523 Palladius
642 2486 699 2524 ins
711 2482 869 2523 historia
897 2479 1079 2525 Lausiaca

0 2558 1 2565 Ι
22 2540 26 2592 Ι
60 2548 150 2584 cap·
173 2532 394 2575 ii‘describit
411 2562 421 2572 .
447 2536 540 2574 Haec
566 2535 615 2575 ad
643 2534 809 2584 stuprum
838 2549 859 2574 a
889 2535 955 2574 luo
981 2533 1079 2575 hero

0 2593 26 2646 Ι
54 2601 110 2629 ·ac
138 2587 299 2628 domino
333 2588 507 2634 expetita
525 2610 540 2634 ‚
577 2584 636 2627 sed
663 2590 703 2627 in
732 2587 963 2637 virginitatis
995 2599 1080 2635 pro.

0 2639 15 2671 ν’
44 2637 191 2691 'polito
215 2635 547 2683 constantiisiina,
576 2638 626 2679 ab
643 2639 778 2681 eodem
805 2639 935 2678 delata
951 2641 991 2678 δι
1006 2651 1080 2678 πει.

0 2650 28 2748 li
56 2690 227 2734 dita'est
255 2694 294 2730 in
325 2704 460 2730 manus
486 2687 656 2738 praefecti
671 2715 693 2736 „
719 2694 786 2743 qui
814 2691 941 2731 edicta
971 2693 1000 2730 P
1022 2694 1077 2731 in·

0 2746 155 2800 *reipis
184 2740 327 2783 summa
348 2741 595 2783 ‘erudelitate
620 2741 768 2785 solebat
797 2743 966 2794 exequi.
1002 2744 1076 2784 Hic

0 2804 4 2829 Ι
23 2802 30 2840 Ι
51 2791 201 2840 flustra
217 2796 375 2847 virginis
393 2807 548 2835 tentato
575 2795 699 2838 verbis
725 2793 922 2844 proposito
939 2819 954 2842 9
991 2795 1079 2835 alie.

0 2847 30 2894 iij
56 2841 320 2896 hnnvparari
345 2846 505 2887 mandat
541 2849 624 2896 pice
647 2847 817 2899 oleoque
854 2845 1035 2889 refertum
1062 2872 1076 2894 a

0 2899 31 2937 ii
115 2901 119 2909 ⁵
191 2911 267 2951 que
293 2897 477 2947 supponi.
505 2896 559 2940 At
586 2897 654 2952 illa
681 2902 938 2949 imperterrita
964 2902 1077 2940 enixe

0 2941 31 2990 il
163 2954 245 2998 vit,
274 2965 321 2991 ne
353 2951 535 2992 feroram
563 2948 670 2992 fimul
687 2954 882 3004 immergi,
911 2949 972 2992 sed
989 2965 1079 3000 pau-

25 3000 174 3095 Ι-’Ῑῦώη
214 3005 255 3043 in
289 3001 520 3044 bullientem
557 3001 749 3054 liquorem
784 3005 935 3044 demitti
972 3018 1079 3044 man-

0 3064 7 3102 Ι
62 3053 170 3110 daret
179 3072 194 3100 ς
218 3067 261 3095 ut
280 3054 561 3095 diuturniorem
581 3058 796 3096 cruciatum
815 3070 950 3097 amore
963 3055 1078 3097 Chri-

0 3113 7 3149 i
63 3101 314 3157 stifferferret
329 3135 339 3146 .
366 3106 410 3147 Id
437 3109 530 3147 vero
548 3122 570 3147 a
588 3107 839 3150 crudeliffimo
870 3108 992 3150 iudice
1012 3108 1075 3148 ob-

0 3168 8 3195 ι
65 3155 208 3210 dignit,
222 3157 482 3210 suspensaque
502 3156 633 3199 sentim
650 3158 804 3202 demiffa
825 3160 878 3200 est
893 3173 958 3209 per
968 3164 1077 3200 unius

0 3219 9 3246 i
67 3204 382 3266 hotnfflspacium.
422 3210 656 3264 Deiecitque
694 3216 777 3253 vita
802 3215 879 3258 eius
916 3213 1076 3263 quando

0 3272 10 3299 i
65 3269 136 3308 pix
160 3259 292 3301 ardens
317 3265 394 3312 ejus
427 3263 535 3304 collo
562 3262 787 3305 circumfusa
813 3264 865 3305 est
883 3293 892 3303 .
932 3265 1076 3305 Eadem

0 3300 34 3366 “i
66 3313 110 3352 in
137 3311 292 3353 civitate
305 3337 328 3360 ⁵-
346 3315 558 3368 eademque
610 3314 772 3358 rassante
790 3314 1076 3366 persecutione,

0 3376 10 3404 1
31 3368 35 3399 i
62 3361 200 3455 {ladio
220 3359 324 3404 fimul
350 3370 532 3416 perempti
579 3381 681 3416 unt,
715 3382 850 3418 praerer
878 3368 1081 3410 admirabi-

0 3430 12 3457 ²
31 3406 36 3465 i
84 3426 144 3455 ΕΜ
174 3415 328 3473 Pefmm
345 3439 363 3463 5
380 3418 455 3460 -alii
474 3432 644 3471 quatuor
665 3420 868 3470 Episcopi,
900 3419 1076 3469 Phileas,

0 3482 11 3507 n
32 3475 37 3521 Ι
62 3463 279 3524 Hesychffls
296 3490 312 3514 υ
340 3468 563 3513 Pachomius
581 3497 596 3520 s
625 3475 665 3514 δι
687 3473 921 3516 Theodorus
937 3490 949 3512 .·
975 3487 1079 3514 cum-

0 3536 9 3559 i
32 3525 37 3556 t
59 3529 141 3569 que
166 3515 226 3558 his
254 3532 338 3559 uno
365 3518 426 3561 die
450 3517 616 3567 sexcenti
653 3522 852 3579 sexaginta
878 3526 946 3566 alii
975 3527 1079 3568 Mar-

0 3586 8 3612 i
32 3563 166 3641 leyres
194 3584 359 3615 mortem
384 3569 596 3618 subierunt.
956 3596 962 3617 i

3 207 6 268 Ι
769 181 1140 267 Historica
1200 180 1566 291 Syrioplis.

3 307 7 346 i

1982 215 2069 280 71

1179 308 1220 335 io
1249 298 1467 343 Martyrum
1488 309 1647 349 quoque
1663 293 1730 338 sub
1748 295 1902 337 Licinio
1919 293 2144 347 persequen-

1128 358 1168 387 te
1196 347 1487 389 innumerabilis
1504 352 1634 390 extitit
1661 348 1871 388 multitudo
1891 378 1899 386 .
1930 349 1973 388 ln
2000 349 2140 399 quibus

1129 396 1291 450 insignes
1309 398 1396 441 sunt
1413 400 1671 451 quadraginta
1690 401 1907 448 Martyres,
1938 405 2056 441 nocte
2078 400 2147 450 hy·
2208 448 2212 453 <

1126 450 1248 491 berna
1264 455 1303 492 in
1320 451 1448 492 lacum
1465 449 1739 502 frigidiffimum·
1763 450 1922 491 iinin.:rsi
1937 469 1954 499 ι,
1982 455 2016 491 ἀ
2033 450 2080 494 fri
2106 466 2147 491 o-

1128 516 1168 542 re
1199 505 1237 543 in
1266 504 1453 544 Armenia
1481 509 1609 544 necati
1629 523 1639 543 :
1673 509 1713 545 in
1740 515 1819 554 qua
1854 518 1969 543 etiam
2000 506 2067 545 Bia
2084 517 2142 543 itis

1128 554 1290 596 Sebastae
1318 554 1485 596 Antistes
1515 559 1626 596 variis
1655 560 1693 598 δε
1713 555 1801 597 diris
1830 557 2065 597 cruciatibus
2094 553 2146 595 af-

1126 603 1248 647 fectus
1269 633 1283 655 ,
1321 610 1360 648 &
1377 608 1531 647 demum
1552 607 1682 658 gladio
1707 606 1924 649 decollatus
1952 608 2037 647 est.-
2055 611 2145 649 Prae-

1126 671 1230 699 terea
1258 661 1359 713 apud
1386 659 1688 708 Adrianopolim
1714 663 1753 700 in
1772 658 1940 699 Thracia
1961 660 2137 700 Amin-ari

1131 710 1368 759 Diaconus-,
1401 725 1490 751 curn
1525 712 1783 762 quadraginta
1820 711 2039 759 Virginibus
2068 727 2148 752 mo.

1130 762 1299 803 nialibus
1326 789 1342 811 3
1393 776 1557 814 quarum
1601 777 1729 803 curam
1775 765 1815 802 &
1857 762 2144 803 institutionem

1129 814 1286 866 gerebat
1306 840 1322 864 5
1350 818 1493 866 ignium
1523 818 1560 855 δε
1587 815 1804 865 gladiorum
1832 814 1919 854 dii-is
1943 818 2147 855 tormentis

1128 881 1294 907 mortem
1310 865 1516 917 gloriosam
1534 871 1803 916 oppetiverunt
1815 896 1825 905 .

1185 922 1226 960 1'1
1248 921 1322 961 Sed
1347 933 1388 960 ut
1411 919 1546 960 Arium
1569 917 1757 959 infelicem
1773 945 1787 965 ³
1817 922 1921 965 cujus
1938 919 2056 966 paulo
2074 933 2140 959 an-

1127 983 1167 1012 te
1187 971 1343 1012 strictim
1362 976 1510 1012 mentio
1531 970 1659 1018 facta,
1690 969 1920 1011 resumamus
1939 1000 1948 1009 .
1977 971 2143 1012 Illecum

1126 1021 1217 1064 esset
1257 1025 1460 1078 presbyter·
1492 1024 1814 1069 Alexandrinus‚
1851 1035 1971 1073 atque
2009 1037 2051 1062 ur
2089 1027 2145 1062 ait

1126 1075 1385 1117 Theodoritus
1404 1101 1417 1118 -‚
1447 1080 1638 1116 sacrarum
1669 1076 1883 1116 Lirerarum
1913 1088 2142 1123 interpreta-

1127 1130 1228 1168 tioni
1258 1127 1507 1178 praepofitus,·
1546 1142 1633 1168 cum
1664 1127 1937 1175 Episcopatum
1973 1125 2147 1167 Alexan-

1126 1180 1241 1221 drinae
1272 1179 1445 1221 Eccleliae
1482 1177 1724 1226 ambiviffet,
1760 1179 1906 1229 {ibique
1946 1181 2147 1227 praelatum

1127 1232 1274 1274 doleret
1304 1232 1570 1273 Alexandrum
1591 1257 1606 1279 ς
1636 1231 1880 1278 subjeetionis
1909 1234 2113 1279 impatiens
2133 1255 2148 1278 ³

1125 1284 1235 1326 illum
1253 1285 1487 1334 deprimere,
1517 1286 1768 1333 sanctamque
1796 1283 1903 1322 illius
1923 1284 2147 1323 doctrinam

1126 1335 1340 1378 subvertere
1369 1345 1439 1385 Pro
1474 1337 1616 1376 viribus
1643 1340 1682 1375 &
1711 1339 1869 1386 ingenio
1909 1338 2106 1374 nitebatur
2135 1363 2145 1373 .

1125 1391 1187 1432 Eo
1216 1387 1391 1437 perverso
1427 1403 1571 1429 conatu
1602 1402 1745 1427 novam
1774 1389 1820 1426 de
1856 1385 2014 1427 Christo
2044 1401 2147 1426 inve-

1126 1446 1182 1483 xit
1210 1439 1371 1481 haerefim
1389 1466 1403 1488 ς,
1432 1445 1509 1488 ejus
1539 1445 1832 1491 impugnantem
1861 1439 2106 1479 divinitatem
2126 1463 2142 1485 ‚

1125 1497 1166 1535 &
1201 1491 1416 1534 substantiae
1453 1508 1541 1534 cum
1578 1507 1727 1533 aetcrno
1766 1494 1878 1531 Patre
1916 1494 2142 1547 unitatem>

1126 1545 1280 1597 ejusque
1309 1559 1515 1596 negantem
1543 1549 1798 1586 aeteriiitatem
1818 1573 1826 1582 .
1857 1547 1977 1588 Hujus-
1999 1545 2145 1598 liii-:reiis

1127 1600 1230 1638 virus
1265 1602 1376 1637 omni
1404 1597 1527 1639 studio
1557 1600 1596 1638 ὅ(
1623 1597 1807 1637 industria
1837 1601 2147 1650 quaquaverlum

1127 1647 1295 1696 effudit,
1330 1651 1371 1690 &
1406 1652 1633 1701 propagavit
1658 1668 1669 1688 :
1706 1651 1812 1695 cujus
1850 1661 2046 1703 patronos
2086 1649 2150 1687 iioi

1126 1699 1260 1742 ascivit
1290 1701 1494 1750 Episcopos
1526 1716 1606 1741 non
1622 1715 1791 1750 paucos3
1820 1704 2024 1753 praelertim
2057 1714 2148 1739 vero

1127 1754 1224 1794 duos
1255 1754 1438 1794 Eulebios
1468 1754 1676 1793 admodum
1706 1751 1876 1792 celebres
1895 1777 1909 1797 ·,
1941 1753 2146 1792 Caeiarien-

1126 1804 1203 1845 sem
1231 1807 1270 1845 in
1302 1806 1535 1852 Palaestina,
1572 1808 1610 1845 &
1642 1802 1979 1845 Nicomediensem
2021 1820 2059 1843 in
2089 1808 2149 1844 Bi-

1127 1858 1290 1907 thynia.
1315 1858 1416 1898 Huic
1446 1855 1480 1897 se
1508 1857 1599 1906 pesti
1628 1859 1736 1896 omni
1756 1880 1772 1904 ³
1803 1869 1845 1896 ut
1873 1870 1941 1905 par
1961 1870 2068 1900 erat,
2097 1859 2150 1896 di·

1124 1909 1464 1962 ligentiaopponir
1493 1908 1742 1949 meritissimus
1772 1907 2050 1948 Alexandrinae
2081 1912 2148 1948 Ec-

1125 1959 1243 2003 clesiae
1273 1963 1410 2004 Praelul
1446 1960 1704 2006 Alexander5
1740 1975 1763 2000 a
1793 1974 1873 2011 quo
1906 1961 2018 2001 Arius
2046 1976 2148 2002 coin·

1125 2016 1311 2054 munione
1329 2011 1499 2054 fidelium
1527 2016 1695 2061 ejicitur.
1724 2014 1799 2054 Sed
1820 2017 1954 2061 impius
1977 2013 2040 2053 iste
2072 2029 2152 2062 per·

1125 2065 1271 2106 multos
1298 2070 1339 2107 in
1367 2065 1445 2106 dies
1485 2066 1716 2106 nanciscitur
1745 2065 1938 2115 dogmatis
1976 2069 2029 2105 lui
2060 2080 2150 2113 pro-

1123 2130 1394 2168 pugnatores,
1431 2117 1531 2158 adeo
1566 2133 1608 2158 ut
1647 2119 1868 2173 incendium
1907 2118 2004 2158 istud
2043 2119 2150 2174 brevi

1123 2173 1342 2218 provincias
1376 2173 1551 2211 Orientis
1589 2172 1825 2220 pervalerit.
1871 2172 2016 2211 Mirum
2062 2172 2147 2210 lane

1122 2221 1175 2262 est
1193 2248 1206 2268 ,η
1236 2220 1567 2270 Constantinum,
1597 2237 1658 2263 tot
1677 2224 1854 2273 adeoque
1875 2221 2057 2263 animulis
2080 2221 2150 2263 dis-

1124 2271 1252 2320 sidiis,
1281 2287 1345 2314 tot
1373 2273 1684 2316 accusationibus
1714 2277 1855 2314 mutuis
1877 2279 1976 2314 inter
1994 2283 2148 2322 epico-

1123 2338 1222 2373 pos,
1249 2338 1312 2366 tot
1342 2329 1524 2376 nequitiis
1552 2331 1591 2366 &
1608 2330 1811 2367 calumniis
1828 2330 1868 2365 in
1899 2327 1976 2366 dies
1995 2328 2045 2367 ab
2068 2326 2150 2367 Aii-

1125 2376 1306 2418 tistiti'bus
1335 2380 1374 2418 &
1411 2378 1685 2419 Sacerdotibus
1720 2373 1908 2419 suscitatis
1929 2404 1944 2426 ς,
1982 2393 2062 2419 tum
2099 2394 2147 2420 ex

1123 2441 1231 2477 parte
1264 2433 1533 2477 Arianorum,
1570 2443 1654 2470 tum
1689 2441 1737 2470 ex
1771 2444 1884 2481 parte
1924 2432 2153 2471 Donatista·

1124 2495 1240 2529 tum,
1278 2485 1319 2522 in
1349 2482 1536 2532 religione
1565 2482 1793 2523 Christiana
1828 2496 1943 2532 quam
1982 2481 2149 2532 sulcepe-

1122 2546 1213 2580 rat,
1241 2547 1323 2574 non
1353 2529 1532 2580 nutasse,
1562 2548 1642 2574 non
1675 2535 1867 2574 vacillalle
1886 2561 1900 2582 ι,
1932 2534 2150 2576 ηοηνίὲαη-

1123 2585 1253 2626 dalum
1280 2583 1424 2636 passum
1452 2583 1582 2626 fuisse.
1611 2591 1740 2628 Omne
1767 2588 1861 2627 vero
1890 2587 2054 2628 studium
2084 2589 2150 2628 ad-

1122 2637 1250 2679 hibuit
1281 2636 1567 2688 reiigiofiffimiis
1591 2641 1769 2687 Princeps
1785 2641 1832 2680 ad
1851 2642 2147 2681 conciliandam

1122 2692 1163 2732 in
1193 2689 1364 2731 Eccleiia
1379 2691 1636 2732 concordiam
1657 2717 1672 2739 ι,
1703 2706 1772 2732 nec
1792 2706 1922 2731 tamen
1953 2694 2073 2732 valuit
2093 2697 2165 2733 1η--

1120 2743 1303 2784 cendium
1326 2740 1421 2783 istud
1446 2746 1667 2794 extinguere
1683 2770 1697 2791 -,
1727 2745 1779 2784 ob
1808 2746 1996 2792 perditam
2016 2748 2150 2795 nequi-

1121 2797 1218 2837 tiam
1238 2820 1251 2842 ,
1281 2793 1514 2845 hypocrilini
1542 2799 1579 2835 &
1608 2795 1722 2836 dolos
1750 2798 1970 2836 aulicorum
1998 2798 2150 2846 Epiico-

1120 2860 1289 2897 porum,
1331 2862 1354 2887 a
1392 2847 1531 2899 quibus
1567 2846 1847 2895 oblidcbatur2,
1884 2853 1922 2888 &
1959 2850 2147 2898 perpetuo

1119 2899 1518 2941 circumveniebatur.
1553 2902 1597 2940 In
1627 2899 1685 2940 his
1723 2914 1852 2941 tamen
1884 2915 1983 2940 unus
2011 2904 2146 2942 inven-

1121 2966 1181 2994 tus
1210 2952 1263 2992 est
1300 2951 1449 2992 sincerae
1486 2950 1573 2993 fidei
1609 2952 1870 2994 Cordubcnlis
1901 2950 2110 3001 Episcopus
2131 2980 2145 3001 2,

1119 3007 1227 3051 cujus
1262 3006 1302 3043 in
1344 3004 1621 3045 Diocletianea
1658 3008 1927 3054 perlccutione
1962 3004 2145 3046 conscisio

1119 3055 1337 3096 carceribus
1356 3061 1395 3096 ὅ(
1409 3057 1532 3107 plagis
1547 3057 1713 3105 probata
1733 3054 1856 3097 fuerat
1880 3073 1889 3095 t
1919 3057 2025 3102 huius
2043 3062 2147 3100 -i‘nte-

1119 3111 1300 3159 gritatem
1312 3110 1351 3149 &
1360 3110 1608 3158 prudentiam
1628 3107 1862 3158 perspectam
1878 3109 2024 3150 habens
2037 3112 2150 3152 Con-

1120 3160 1309 3200 stantinus
1330 3185 1345 3207 ,
1374 3160 1484 3201 illum
1514 3163 1553 3201 in
1582 3165 1787 3202 Orientem
1815 3161 1911 3202 mifit
1933 3187 1946 3207 ·,
1977 3175 2056 3212 qua
2085 3165 2146 3203 de-

1120 3215 1202 3253 cuit
1225 3211 1420 3261 potestate
1458 3227 1543 3253 tum
1579 3212 1873 3260 Ecclesiastica,
1921 3226 2002 3253 tum
2039 3218 2146 3257 civili

1121 3269 1388 3314 pra-’munitum
1407 3291 1421 3311 ‚
1461 3269 1585 3305 etiam·
1610 3265 1799 3305 Coiicilia
1835 3266 2067 3317 ubicumque
2097 3272 2149 3308 vi-

1121 3314 1201 3356 sum
1228 3313 1317 3356 esset
1347 3318 1593 3357 convocandi
1615 3342 1629 3363 ·,
1659 3330 1779 3368 atque
1803 3321 1842 3358 in
1875 3318 1932 3358 liis
1950 3318 2146 3368 praelideii-

1122 3369 1190 3409 di:
1216 3367 1280 3408 *sed
1308 3371 1347 3409 in
1375 3370 1560 3420 AEgypto
1588 3370 1774 3418 praecipue
1794 3371 1972 3421 illiusque
2002 3374 2149 3412 Metro—

1122 3420 1205 3470 poli
1226 3418 1489 3467 Alexandria,
1518 3435 1566 3460 ex
1583 3433 1676 3472 qua·
1691 3421 1848 3469 praesens
1868 3448 1882 3469 ς.
1911 3427 1973 3463 cui
1996 3426 2147 3465 meden-

1121 3473 1213 3514 dum
1239 3486 1323 3512 erat
1339 3498 1354 3520 ³
1382 3474 1566 3514 damnum
1594 3471 1797 3516 emerserat
1817 3504 1826 3513 .
1854 3478 1939 3515 Hac
1964 3480 2077 3527 igitui-
2104 3480 2144 3516 in

1120 3525 1486 3573 civitatecopiolam
1508 3526 1996 3578 Synodumcongregavit,
2027 3540 2144 3576 quam

1122 3574 1357 3621 Athanasius
1380 3577 1550 3628 Apolog.
1573 3589 1607 3616 ι.
1629 3592 1745 3619 vocat
1764 3579 1983 3631 generalem
2006 3595 2014 3615 :
2054 3583 2147 3671 oluia

1932 3643 1983 3673 ex
2002 3644 2069 3673 mu
2085 3660 2099 3671 .
