2430 3958
7 3236 16 3273 4⁴*“
7 2961 18 3217 ›350-e1-n-2—«qn
9 2871 16 2956 ἡ,
11 2850 13 2858 -
10 2805 14 2844 -—

217 377 241 402 ,-
275 377 396 433 ,aaa
432 375 458 402 2⁸
490 386 579 425 ata
634 420 636 422 ,

106 441 817 583 accersias
867 446 1236 581 Do

1987 387 2023 398 11.
2052 383 2125 397 ‘mr

1931 412 1945 427 re
1975 408 2140 430 Ηή-’ὶἉγὴ

509 621 1156 680 HisToRIGA
1220 626 1791 686 SYNOPSIS.

95 752 130 780 ι.
301 741 466 783 Enricus
492 744 623 784 tertius
635 743 878 789 Imperator,
904 737 927 780 ὲ
945 751 1030 792 quo
1048 737 1122 780 suit
1165 747 1459 788 venerationem
1485 748 1528 787 &
1552 746 1860 797 observantiam,
1886 750 1975 791 cum
2004 746 2179 792 universa

147 740 288 876 H
314 791 496 834 Romana
512 791 683 844 Ecclesia
707 789 762 889 ἐξ,
763 789 905 835 diffini&
926 791 1120 838 lacerata,
1165 794 1377 838 Germania.
1405 799 1446 839 in
1472 811 1621 848 patrem
1648 799 1894 850 rebellasset,
1920 802 2096 844 eumdem
2123 817 2180 842 ar.

315 848 386 894 qui
411 843 579 887 summos
594 846 653 895 Po
679 856 681 858 “
702 847 709 854 “

89 894 139 935 lis
166 893 376 937 insectatus
403 897 485 946 est,
512 900 581 950 qui
593 894 810 946 Antipapas
825 893 1012 943 obtrufit,
1038 896 1115 938 Ca.

85 945 250 988 daloum
272 948 518 994 Parmensem
544 945 922 999 pseudo-episcopum
935 943 1112 1006 adversus

86 996 360 1042 Alexandrum
401 998 610 1045 secundum
650 996 882 1043 Pontificem
905 1018 920 1046 i
968 998 1110 1040 deinde

60 1086 62 1091 ,
86 1050 324 1094 Guiberrum
341 1053 538 1095 Ravennae
556 1049 903 1100 Archiepiscopum
930 1049 1109 1092 adversus

64 1107 67 1115 ⁸
89 1103 326 1155 Gregorium
344 1105 431 1147 VII.
458 1105 659 1148 vietor-em
683 1104 751 1146 111.
779 1102 984 1144 Urbanum
1011 1105 1109 1146 IL&

83 1151 313 1197 Paschalem
355 1157 406 1198 11.
451 1154 607 1198 diversis
653 1154 834 1197 fluistibus
882 1155 1064 1204 abreptus
1091 1178 1108 1203 ῃ

81 1219 190 1259 nunc
225 1205 401 1249 Ecclefiae
433 1205 698 1258 implacabilis
735 1205 879 1255 hostis,
908 1221 1025 1265 nune
1049 1207 1114 1249 ad-

74 1255 198 1297 *vertis
241 1258 468 1313 urgentibus
510 1262 706 1307 poenitens
734 1260 774 1300 &
801 1258 1074 1302 reconciliat-us
1094 1283 1111 1307 ,

82 1307 224 1350 deinde
270 1311 314 1351 in
355 1309 550 1352 deteriora
592 1309 718 1359 lapsus
750 1311 970 1355 'multoties
1019 1325 1112 1352 ana-

85 1358 327 1404 thematibus
352 1359 567 1414 fulguratus
594 1387 610 1410 ,
663 1375 868 1412 perpetuas
913 1367 954 1406 in
995 1375 1111 1412 eaput

73 1409 190 1454 suum
215 1411 460 1455 calamitates
487 1410 554 1454 sua
578 1418 770 1463 pertinaci
783 1418 962 1467 nequitia
987 1427 1111 1457 accer-

80 1461 188 1506 fivit.
215 1462 342 1507 Anno
361 1473 471 1516 1076.
485 1466 698 1517 Gregorius
724 1470 760 1510 ei
786 1466 984 1509 sacrorum
1001 1483 1107 1509 com-

78 1518 308 1558 munionem
333 1518 533 1559 interdixit
542 1543 557 1566 ,
585 1519 760 1561 Saxones
769 1522 810 1561 δε
820 1523 934 1562 Suevi
951 1524 993 1561 in
1003 1523 1107 1562 Hen-

78 1567 205 1610 ticum
231 1568 497 1617 rebellarunt,
528 1573 718 1622 Principes
739 1574 925 1614 Germani
953 1572 1007 1613 ab
1034 1572 1105 1613 illo

77 1618 325 1674 desciverunt
335 1645 351 1670 ,
378 1621 608 1664 Concilium
622 1622 902 1674 Episcoporum
913 1650 928 1674 ,
945 1627 984 1670 δι
998 1626 1105 1666 Prin-

78 1675 210 1722 cipum
237 1673 341 1722 apud
362 1673 583 1715 Triburiain
611 1690 830 1719 conventus
851 1703 866 1725 ,
903 1679 1102 1718 communi

76 1721 372 1772 conspiratione
398 1739 558 1781 regn-um
583 1726 643 1767 illi
668 1727 910 1781 abrogarunt
930 1757 940 1767 .
966 1731 1105 1769 l-lenri-

78 1778 119 1816 ci
146 1772 291 1816 asseclae
317 1777 390 1818 illo
427 1779 608 1827 deipeeto
643 1793 823 1822 certatim
859 1780 1010 1822 diverfis
1046 1784 1106 1821 iti-

80 1827 238 1869 neribus
265 1831 307 1870 in
325 1829 485 1870 ltaliam
512 1832 800 1873 contenderunt
819 1857 835 1880 ,
872 1846 914 1874 ut
947 1835 1105 1877 ‘veniam

76 1877 129 1931 ab
161 1881 360 1930 Gregorio
392 1879 594 1923 humiliter
628 1885 912 1934 implorarent·
946 1881 1104 1935 Ipseque

74 1931 272 1984 Henricus
307 1931 418 1972 rebus
453 1931 527 1973 suis
556 1933 761 1984 desperatis
786 1962 802 1984 ,
830 1936 1037 1978 dereliCtus
1065 1939 1105 1976 &

73 1980 275 2022 omnibus·
295 1981 439 2025 invisus
467 1985 681 2026 Cauuiium
716 1988 874 2027 advenit
892 1986 1106 2030 Comitiffae

79 2033 266 2075 Matildi's
290 2047 441 2082 arcem,
470 2048 550 2087 qua
576 2034 614 2077 se
632 2038 844 2088 Gregorius
872 2036 1105 2086 incluserat,

63 2087 122 2132 fu&
151 2085 289 2137 hyeme
314 2085 521 2135 asperrima
557 2091 661 2133 inter
695 2090 820 2135 duos,
858 2091 999 2141 quibus
1035 2105 1105 2131 arx

71 2137 413 2186 vcirctindabatur,
442 2153 569 2181 muros
588 2166 604 2189 ,
644 2142 755 2182 nudis
783 2144 942 2191 pedibus
970 2146 1010 2182 in
1039 2142 1105 2183 ha-

69 2188 160 2230 bitu
191 2192 418 2239 poenitentis
444 2192 577 2232 triduo
591 2191 710 2243 usque
737 2195 787 2234 ad
814 2193 1009 2244 vesperam
1037 2198 1104 2235 im-

70 2241 202 2291 pastus
231 2242 285 2283 sui
314 2242 364 2282 ad
378 2242 612 2284 Pontificem
637 2244 899 2286 admistionem
925 2248 1103 2295 expecta-

68 2296 159 2341 ivit,
185 2297 254 2344 qui
283 2295 444 2336 tandem
471 2294 668 2336 admissum
697 2297 860 2338 nexibus
878 2312 1100 2338 excommu-

70 2348 285 2386 nicationis
311 2344 480 2387 absolvi't
502 2376 509 2382 -
548 2348 622 2389 Sed
649 2346 868 2398 insequenti
895 2363 1004 2390 anno
1033 2348 1097 2390 sua

69 2397 284 2438 instaurata
332 2396 504 2439 factione
523 2426 538 2445 ,
579 2401 769 2447 adjunctis
810 2398 877 2441 fibi
907 2400 1096 2442 Romanis

67 2449 318 2498 proceribus,
346 2448 524 2492 adversus
540 2450 772 2492 Pontificem
799 2451 1025 2510 insolescere
1042 2454 1098 2494 as-

67 2500 211 2548 suetis,
241 2505 283 2541 in
312 2502 490 2548 pristinos
518 2502 686 2554 relapsus
707 2518 855 2551 mores,
886 2507 1096 2556 resumpto-

68 2566 151 2604 que
176 2556 216 2594 in
238 2555 474 2603 Gregorium
501 2556 635 2603 bello,
664 2554 775 2597 sacris
804 2560 942 2598 iterum
970 2560 1022 2599 est
1043 2563 1097 2598 in-

66 2606 278 2646 ter-didius.
306 2607 467 2646 Interim
496 2610 685 2649 Germani
721 2609 771 2648 ab
801 2612 980 2650 Henrico
1003 2610 1095 2650 defi,

63 2660 202 2705 ciunt,
230 2661 270 2699 &
293 2658 504 2700 Rodulfum
521 2685 535 2708 ,
564 2663 709 2702 Sueviae
729 2662 880 2702 Ducem
898 2674 924 2709 ,·
951 2662 1093 2713 Regem

62 2709 243 2760 eligunt,
272 2713 340 2761 qui
362 2713 578 2753 Henricum
606 2716 689 2754 acie
719 2714 865 2754 vietum
893 2728 932 2754 in
961 2712 1090 2765 fugam

62 2765 234 2810 conjecit
258 2777 272 2806 5
311 2762 518 2815 alteroque
553 2763 754 2805 commiss'o
781 2766 914 2814 praelio
950 2770 1090 2807 iterum

60 2810 241 2864 fugavit,
280 2811 342 2855 sed
370 2815 462 2856 dum
496 2814 733 2868 fugientibus
767 2817 892 2858 acrius
931 2819 1045 2859 instat
1074 2846 1087 2868 ,

63 2870 265 2914 perimitur
300 2881 407 2908 anno
449 2871 564 2909 1080.
599 2870 736 2910 relicta
773 2876 890 2920 penes
926 2869 1009 2911 suos
1039 2875 1089 2911 vi.

63 2917 192 2959 §toria
211 2948 223 2958 .
260 2919 465 2961 Catholici
494 2919 618 2962 rursus
640 2925 834 2972 Principes
860 2925 1114 2964 Hermanno·

63 2968 313 3022 Lotharingo
341 2972 518 3022 Regnum
545 2973 741 3015 deserunt.
771 2976 832 3015 Ad
860 2975 1090 3024 postremum

62 3023 225 3064 Henrici
252 3021 362 3072 ipfius
390 3023 492 3065 filius
510 3051 525 3073 ,
565 3030 735 3068 nominis
767 3028 948 3077 ,ejusdem
966 3054 981 3076 3
1016 3027 1090 3069 sive

62 3073 155 3113 zelo
193 3077 386 3117 animatus
416 3076 592 3119 Ecclefiae
633 3080 781 3122 tuendae
805 3106 820 3128 ,
856 3079 931 3120 five
959 3082 1082 3137 Regni

60 3123 326 3181 exclusionem
360 3128 416 3169 ob
448 3143 651 3180 paternam
687 3136 922 3181 impietatem
967 3134 1083 3173 resor-

60 3178 217 3221 midans
235 3203 255 3226 9
287 3194 395 3222 arma
423 3186 463 3222 in
493 3185 645 3224 Patrem
673 3199 804 3226 movet
823 3211 835 3230 ‚
871 3182 1089 3236 spoliatque

59 3231 225 3280 Imperio
244 3248 260 3269 .-
284 3235 352 3282 qui
380 3233 567 3286 profugus
596 3239 634 3276 δι
655 3243 847 3285 privatam
873 3237 922 3277 ad
949 3236 1089 3279 sortem

14 3295 17 3314 ³
59 3283 266 3331 redactus,
320 3284 455 3326 Leodii
491 3292 712 3339 inquietam
737 3286 999 3331 &infelicem
1037 3293 1090 3331 vi-

15 3372 16 3375 ,
59 3346 141 3377 tam
169 3333 271 3378 finiit
299 3345 498 3379 an.'1106.
524 3340 606 3381 haec
634 3340 804 3383 referunt
825 3341 1088 3391 Bettholdus,

14 3400 18 3409 ³
54 3385 172 3435 ,Otho
193 3386 458 3439 Frifingenfis,
486 3393 689 3434 Maria-nus
711 3397 852 3435 Scotus
870 3423 880 3432 .

113 3454 149 3481 2.
177 3440 370 3481 Violento
398 3443 438 3480 &
466 3439 653 3497 sacrilego
680 3451 782 3495 patri
811 3447 914 3486 haud
951 3446 1091 3488 melior

15 3488 17 3536 ζ
59 3488 227 3535 succeffit
270 3493 401 3543 proles
439 3497 630 3537 Heni-icus
672 3499 828 3549 Regum
868 3499 1086 3540 Germaniae

57 3546 218 3594 quintus
240 3569 255 3591 ,
293 3547 334 3586 δε
362 3547 646 3594 Imperatorum
680 3564 843 3602 quartus
871 3579 882 3588 .
918 3551 989 3591 Iste
1017 3555 1086 3592 ini-

56 3605 116 3637 tio
143 3594 326 3647 professus
351 3596 539 3642 summam
573 3616 664 3652 erga
694 3604 913 3646 Romanam
948 3604 1086 3648 sedem

819 845 1016 886 continuis
1039 841 1118 883 bel-

1158 849 1229 887 mis
1253 848 1307 888 est
1333 847 1573 896 infestatum
1598 850 1780 905 Cumque
1805 868 1915 894 anno
1946 867 2063 904 1105.
2087 869 2180 895 con-

1157 911 1295 940 ventus
1321 902 1505 952 generalis
1532 901 1811 952 Episcoporum
1821 908 1859 947 δε
1872 909 2073 948 Procerum
2085 907 2181 946 Ger-

1154 953 1316 999 maniae,
1343 952 1627 1002 praesidentibus
1655 955 1811 1007 Legatis
1840 961 1943 999 Sum.
1972 956 2176 999 Pontificis

1156 999 1350 1045 Paschalis
1377 1003 1560 1056 secundi,
1588 1006 1846 1049 celebraretur
1874 1011 1976 1058 apud
2005 1012 2174 1059 Mogun-

1153 1055 1246 1094 tiam
1264 1081 1281 1104 ,
1315 1059 1508 1099 Henricus
1536 1059 1662 1100 senior
1689 1065 1888 1108 extorris,
1926 1065 1966 1102 &
1994 1061 2176 1102 omnibus

1153 1104 1322 1156 invisus,
1349 1108 1385 1150 se
1412 1111 1543 1159 palam
1571 1114 1737 1160 Imperio
1765 1113 1960 1155 abdicavit
1978 1139 1994 1161 ,
2023 1110 2179 1164 ejusque

1155 1157 1317 1209 insignia
1345 1163 1386 1201 in
1415 1176 1550 1205 manus
1575 1163 1680 1211 filii,
1714 1168 1790 1213 jam
1828 1165 1877 1206 ab
1917 1165 2116 1209 omnibus·
2136 1168 2178 1204 in

1155 1209 1301 1261 Regem
1328 1210 1490 1263 suscepti
1513 1240 1528 1262 ,
1555 1218 1595 1256 &
1621 1217 1670 1256 ab
1700 1215 1936 1266 Apostolicae
1963 1219 2071 1261 Sedis
2101 1219 2177 1260 Le-

1154 1266 1255 1314 gatis
1283 1263 1530 1314 confirmati,
1559 1268 1717 1308 tradidit
1736 1297 1747 1308 .
1782 1270 1926 1311 Verum
1962 1274 2055 1321 quia
2093 1285 2175 1310 non

1153 1327 1201 1356 ex
1228 1319 1363 1358 animo
1379 1342 1394 1364 ,
1430 1316 1492 1359 sed
1528 1320 1746 1362 necestitate
1780 1323 1941 1364 coaetus
1967 1323 2002 1363 se
2030 1337 2087 1364 ita
2114 1322 2176 1362 de·¹

1153 1365 1330 1413 miserat,
1361 1382 1454 1410 mox
1490 1369 1580 1421 fuga
1615 1370 1780 1419 dilapsus
1809 1373 1998 1414 Leodium
2024 1376 2133 1416 venit
2158 1399 2175 1421 ,

1153 1419 1220 1460 ubi
1245 1419 1335 1460 beni
1365 1435 1413 1461 ne
1441 1436 1507 1472 per
1541 1421 1920 1466 commiserationem
1958 1440 2132 1476 receptus
2158 1452 2174 1474 ,

1150 1469 1281 1527 literas
1331 1471 1459 1521 cripfit
1497 1488 1676 1523 patentes
1719 1480 1760 1517 &
1803 1481 2129 1522 commonitorias
2158 1492 2172 1527 5

1149 1524 1429 1573 inieriptas'ad
1457 1526 1600 1577 Regem
1628 1530 1836 1569 Celtarum
1861 1554 1877 1578 ,
1906 1543 2003 1580 quas
2030 1529 2175 1582 ubique

1148 1573 1386 1620 disseminari,
1404 1591 1555 1620 curavit
1573 1605 1588 1627 ,
1626 1584 1665 1621 in
1704 1579 1847 1631 quibus
1880 1581 1928 1622 de
1954 1585 2110 1634 ingrato
2137 1588 2173 1621 ὅ(

1147 1628 1335 1676 perduelli
1376 1627 1465 1669 filio
1506 1635 1797 1683 conqueritur,
1834 1635 1874 1674 &
1910 1634 1958 1676 de
1997 1632 2174 1680 Paschali

1151 1679 1370 1727 Pontifice,
1397 1693 1514 1732 quem
1541 1687 1772 1725 criminatur
1798 1683 2021 1729 rebellionis
2049 1683 2087 1728 su
2117 1681 2158 1726 so

1151 1746 1229 1787 rem
1252 1732 1398 1773 &belli
1427 1733 1642 1789 injustissimi
1664 1739 1925 1779 incentorem.
1954 1739 2035 1791 Qui
2052 1701 2175 1779 etlam

1151 1787 1233 1825 ulus
1263 1783 1456 1826 paschalis
1482 1785 1659 1828 absentia
1680 1813 1697 1835 ,
1732 1791 1800 1838 qui
1836 1800 1930 1829 tunc
1959 1792 2174 1832 Beneventi

1149 1836 1346 1888 degebat,
1375 1839 1584 1889 quemdam
1611 1838 1954 1887 pseudo-abbatem
1989 1842 2036 1883 de
2063 1838 2176 1885 Farfa

1147 1891 1190 1929 in
1219 1890 1439 1931 Romanam
1466 1891 1708 1935 Cathedram
1737 1893 1888 1937 intrufit
1904 1918 1920 1942 ,
1956 1897 2024 1945 qui
2051 1893 2074 1936 τὶ
2101 1893 2178 1944 ple·

1147 1940 1198 1981 be
1223 1941 1486 1992 ignominiose
1513 1944 1682 1994 dejecftus
1709 1943 1780 1986 est.
1808 1943 1890 1995 Ipse
1920 1947 2012 1988 vero
2041 1948 2177 1990 ilenri-

1149 2006 1214 2038 cus
1243 1995 1390 2035 Divina
1428 1995 1583 2038 ultione
1619 2002 1824 2047 repentina
1853 2013 1980 2042 morte
2008 2000 2094 2050 pQst
2122 2015 2175 2043 re-

1150 2057 1342 2086 novatum
1379 2044 1537 2089 schisma
1571 2053 1821 2098 impoenitens
1863 2051 2051 2102 corruit,
2086 2055 2173 2095 cum

1147 2094 1316 2138 caelitum
1343 2097 1451 2141 simul
1479 2103 1519 2141 &
1547 2104 1774 2144 mortalium
1810 2108 1987 2147 omnium
2021 2118 2172 2148 execra.

1147 2149 1257 2189 tione
1275 2179 1286 2187 .
1319 2150 1544 2193 Leodienfis
1581 2168 1698 2203 porro
1728 2153 1988 2199 schismaticus
2016 2157 2171 2208 Episco-

1145 2213 1239 2248 pus,
1268 2206 1337 2253 qui
1365 2204 1522 2246 occulte
1548 2202 1692 2257 absque
1718 2212 1895 2260 exequiis
1923 2224 2063 2260 corpus
2091 2215 2170 2260 ejus

1144 2256 1185 2292 in
1223 2255 1398 2304 quodam
1426 2258 1662 2299 monasterio
1697 2261 1949 2302 mandaverat
1977 2263 2126 2312 sepeliri
2151 2288 2168 2311 ς,

1142 2319 1227 2344 non
1264 2310 1392 2353 potuit
1433 2312 1472 2348 in
1504 2309 1677 2351 Ecclefiae
1712 2316 2029 2354 communionem
2068 2314 2170 2355 resti.

1142 2359 1228 2402 tui,
1257 2370 1375 2407 quam
1403 2357 1561 2409 supplex
1589 2365 1795 2412 impetrare
1821 2365 2068 2414 conabatur,
2098 2365 2167 2408 nifi

1140 2409 1348 2458 postquam
1375 2409 1548 2452 effoisum
1564 2413 1726 2455 cadaver
1745 2416 2032 2465 extuinulavit,
2061 2420 2168 2470 quod

1142 2459 1229 2500 inde
1257 2461 1408 2510 Spiram
1437 2464 1611 2504 delatum
1629 2490 1644 2512 ,
1672 2469 1714 2506 in
1742 2465 1983 2521 sarcophago
2011 2470 2167 2521 lapideo

1140 2512 1235 2552 loco
1262 2511 1431 2561 profano
1461 2515 1692 2557 conclusum
1720 2516 1818 2560 fuit.
1879 2535 1881 2538 ⁴
2108 2551 2110 2553 -

1193 2571 1228 2613 3.
1264 2564 1389 2606 Anno
1428 2565 1560 2608 salutis
1601 2569 1779 2619 humanae
1817 2585 1930 2613 1110.
1973 2577 2164 2616 Henricus

1138 2618 1290 2664 junior,
1319 2619 1540 2660 Germaniae
1561 2620 1644 2660 Rex
1662 2647 1677 2669 ,
1713 2623 1799 2671 post
1828 2623 2055 2674 praemissam
2083 2627 2165 2668 insi-

1134 2681 1249 2759 gnem
1278 2670 1516 2719 legationem
1546 2673 1595 2712 ad
1627 2670 2010 2768 Passsgalempapam
2029 2704 2044 2726 ,
2083 2693 2159 2731 qua

1150 2735 1328 2761 acrarum
1356 2723 1589 2772 dignitatum
1617 2729 1686 2768 inv
1740 2731 1855 2769 'ituris'
1882 2732 2160 2777 renunciabat,

1133 2787 1396 2825 aeternamque
1423 2773 1537 2815 fidem
1557 2780 1596 2817 &
1613 2777 1890 2826 subjectionem
1909 2781 1931 2820 s
1927 2796 2087 2830 upremae
2098 2786 2162 2825 Se-

1133 2826 1172 2865 di
1199 2825 1415 2873 spondebat
1433 2851 1448 2873 ,
1489 2829 1654 2879 rogabat
1683 2834 1803 2873 etiam
1824 2857 1838 2879 ,
1880 2830 1915 2873 se
1943 2833 1993 2873 ab
2023 2835 2163 2879 eodem

1134 2879 1413 2925 Imperatorem
1441 2884 1656 2921 consecrari
1673 2908 1682 2919 .
1710 2886 1780 2923 His
1811 2885 1932 2931 pactis
1959 2889 2157 2938 utrimque

1134 2933 1373 2977 conventis,
1410 2932 1565 2972 Italiam
1591 2947 1679 2973 cum
1714 2937 1862 2986 ingenti
1890 2941 2063 2978 exercitu
2093 2954 2139 2989 pe

1136 2986 1222 3022 tiit.-
1251 2995 1437 3033 annoque
1456 2984 1555 3024 Chr.
1571 2998 1680 3025 1111.
1707 2987 1830 3036 pridie
1849 2988 1937 3029 Idus
1963 2989 2157 3033 Februarii

1134 3048 1246 3075 eittra
1275 3035 1409 3075 urbem
1439 3034 1460 3074 ὀ.
1480 3037 1721 3084 Principibus
1759 3043 1846 3080 viris
1864 3043 1903 3080 &
1921 3042 2072 3091 populo
2098 3059 2164 3090 ex·

1125 3099 1280 3135 cepam,
1307 3087 1348 3141 in
1377 3101 1493 3136 porta
1520 3089 1612 3128 vero
1642 3104 1664 3129 a
1689 3090 1838 3138 Clero,
1866 3094 1917 3134 ad
1944 3090 2159 3142 superiores

1133 3151 1264 3179 autem
1301 3140 1424 3179 lancti
1450 3142 1550 3195 Petri
1587 3142 1725 3191 gradus
1763 3144 1784 3184 a
1813 3142 1988 3186 Paschali
2012 3146 2116 3197 Papa
2143 3174 2158 3195 ,

1132 3193 1236 3236 cujus
1263 3190 1425 3237 primum
1454 3192 1647 3234 oiculatus
1674 3194 1727 3234 est
1755 3197 1892 3244 pedes,
1919 3198 2057 3239 deinde
2075 3201 2159 3248 post

1134 3241 1336 3289 amplexus
1351 3257 1530 3291 mutuOS,
1546 3244 1754 3286 Ecclesiam
1771 3246 1876 3289 fimul
1891 3249 2041 3300 ingr-effi
2057 3250 2159 3294 sunt.

1133 3297 1317 3345 Cumque
1340 3296 1524 3336 Pontifex
1550 3300 1761 3352 Henricum
1808 3301 1856 3342 de
1899 3302 2157 3352 adimplendis

1134 3347 1487 3395 conventionibus,
1517 3352 1556 3390 &
1583 3353 1779 3397 ipeci'atim
1805 3353 1853 3393 de
1887 3357 2158 3397 renunciando

1132 3398 1363 3439 investituris
1391 3399 1646 3442 Ecclesiarum
1674 3401 1902 3446 sollicitaret
1922 3431 1938 3454 ,
1966 3407 2035 3448 iste
2073 3423 2154 3449 non

1132 3450 1286 3491 tantum
1316 3450 1396 3493 haec
1423 3456 1549 3493 renuit
1577 3454 1816 3505 adimplere,
1843 3455 1907 3499 sed
1925 3458 2153 3501 Pontificem

1130 3504 1243 3543 aliter
1289 3517 1481 3544 coronare
1527 3504 1765 3549 recusantem
1813 3524 1902 3550 cum
1939 3512 2153 3554 Cardinali-

1130 3556 1199 3595 bus
1237 3559 1434 3602 captivum
1472 3555 1537 3597 sub
1575 3559 1735 3600 militari
1773 3561 1945 3603 custodia
1982 3564 2152 3603 detinuit

1130 3606 1328 3658 sexaginta
1364 3612 1403 3649 δέ
1443 3623 1522 3649 uno
1563 3610 1832 3666 diebus-apud
1873 3615 2067 3705 qUOddssm
2108 3618 2150 3657 in

1647 3665 1703 3705 Fi
1948 3669 1995 3708 Sa
2027 3669 2102 3708 inis
