2430 3958
308 208 598 294 Concil.
635 210 1015 295 Generalc.
1034 206 1273 323 Lugd.
1297 213 1348 293 1.
1371 241 1483 296 an.
1515 246 1537 295 1
1567 246 1743 317 245.

81 338 160 367 nens
170 340 233 364 nou
249 326 444 376 impediat,
453 340 515 364 nec
523 327 687 365 retardet
696 356 703 366 .
720 328 825 366 Liee't
834 326 936 364 dieat
945 325 1107 374 obJ‘ee't'or,

79 377 178 428 quod
199 373 404 425 rescriptum
426 390 490 415 non
500 376 624 423 suiffet
648 379 826 417 obtentum
844 403 857 423 ,
879 375 911 422 fi
932 389 1007 426 qua
1022 374 1108 424 sunt

76 427 288 476 impetranti
307 424 461 476 opposita
485 453 498 472 ,
526 424 675 473 fiuffent
710 428 866 477 exposita
892 425 1073 475 deleganti
1095 451 1108 463 .

76 488 108 515 e.
128 477 224 514 nde
245 476 326 514 litis
353 477 565 515 contest.m
585 476 620 513 6.

126 525 262 570 Actor,
287 528 349 576 qui
372 526 425 563 ad
445 528 631 564 terminum
653 529 773 565 venire
788 554 802 575 ‚
826 525 881 564 ad
901 538 1004 575 quens
1015 527 1107 562 eita-

74 577 109 612 ri
131 573 384 622 adversarium
401 575 570 623 fecerat,
598 590 664 614 non
685 578 853 622 curavit,
880 576 1038 613 venienti
1049 585 1106 612 reo

74 626 112 664 itt
133 623 293 674 expensis
323 636 464 675 propter
492 626 554 664 boc
583 626 704 674 fastis
724 626 876 674 legitime
905 624 1106 663 condemne-

73 685 133 713 tur
155 687 170 714 :
195 674 249 712 ad
274 677 475 714 citationem
504 676 619 714 aliam
652 679 791 714 minime
816 673 1064 713 admittendus
1091 699 1105 721 ,

74 723 140 766 nisi
162 723 375 773 sufficienter
398 730 539 764 caverit
564 752 577 773 ,
615 725 708 776 quod
724 728 760 762 in
780 727 927 763 termino
941 722 1103 770 fideliter

71 773 206 812 debeat
226 787 428 823 comparere
442 803 452 812 .
476 790 508 815 c.
521 787 535 813 ι
567 777 614 816 de
638 777 730 814 dolo
745 776 782 812 δε
797 786 994 812 contuma.
1010 775 1050 811 in
1067 773 1102 813 6.

123 823 222 862 Eum
243 827 303 873 qui
323 825 430 874 super
453 824 653 873 dignitate,
676 822 866 874 personatu
881 850 893 869 ,
920 822 982 861 vel
1004 823 1104 860 bene-

65 869 151 920 ficio
167 872 406 919 Ecclesiastico
427 875 626 914 obtinendis
647 888 725 912 cum
749 873 867 923 aliquo
884 872 1005 921 litigat
1024 869 1095 922 pos
1090 896 1104 903 -

64 920 222 972 seffore;
260 924 302 961 ob
330 927 456 973 partis
470 923 634 974 adverse
654 926 907 962 contumaciam
928 923 1037 970 causa
1050 925 1104 961 rei

65 969 264 1020 servande
302 977 339 1012 in
376 974 526 1023 ipsorum
553 974 777 1025 poffessionem
808 971 998 1018 statuimus
1038 986 1103 1012 nou

65 1023 306 1071 mittendum,
333 1037 375 1062 ne
397 1036 460 1073 per
479 1025 539 1063 boc
562 1025 616 1062 ad
637 1037 682 1061 ea
704 1024 871 1072 iugrcffus
891 1034 1018 1073 patere
1031 1037 1102 1062 va·

69 1070 145 1110 leat
169 1072 336 1122 vitiosus.
362 1073 442 1112 Sed
465 1074 573 1113 liceat
597 1076 634 1112 in
657 1073 717 1112 boc
742 1071 828 1120 casu
846 1098 860 1120 ‚
885 1077 1101 1113 contumacis

69 1121 268 1169 absentiam
291 1124 425 1162 divina
455 1124 610 1172 replente
640 1121 826 1173 praesentia
854 1148 868 1169 ,
906 1125 1016 1160 ctiam
1038 1125 1100 1163 lite

65 1184 133 1209 non
154 1172 370 1221 contestata,
394 1174 586 1221 diligenter
614 1176 818 1212 examinato
847 1176 977 1220 negotio
998 1199 1010 1219 ,
1048 1174 1101 1224 ip.

60 1219 143 1270 sum
160 1221 235 1268 sine
257 1224 378 1261 debito
401 1224 614 1262 terminare.
639 1236 705 1260 c.1.
727 1224 775 1262 de
798 1234 846 1261 eo
877 1225 944 1271 qui
980 1224 1101 1264 mitti-

66 1282 132 1310 tur
154 1274 194 1309 in
219 1272 482 1320 poss‘effionem
507 1285 589 1310 cau.
602 1273 657 1310 rei
679 1271 777 1310 serv.
793 1275 833 1310 in
849 1273 890 1310 in
911 1272 949 1309 6.

115 1319 347 1367 statuimus,
373 1331 412 1359 ut
431 1321 617 1370 positiones
641 1325 851 1369 negativas,
876 1335 952 1372 quae
971 1323 1100 1370 proba-

62 1371 98 1407 ri
120 1383 186 1408 non
206 1369 339 1419 poffunt
362 1369 425 1417 nisi
444 1383 511 1420 per
534 1371 766 1418 conseffionem
788 1371 1022 1419 adversarii,
1039 1375 1100 1421 ju·

62 1417 165 1457 dices
192 1420 387 1458 admittere
406 1421 555 1470 possint,
579 1421 608 1466 si
632 1425 799 1472 «equitate
826 1420 1005 1469 suadente
1044 1426 1099 1461 vi-

63 1468 187 1508 derint
210 1470 405 1519 expedire.
431 1485 461 1510 c.
482 1473 529 1510 de
554 1470 738 1511 confessis
765 1474 806 1510 in
832 1471 867 1508 6.

113 1518 286 1559 Romana
298 1520 479 1564 Ecclesia:
505 1524 544 1565 (5
555 1516 659 1572 infra
670 1549 678 1559 .
692 1523 739 1560 In
751 1520 1002 1573 appellationis
1015 1533 1100 1557 cau-

55 1567 104 1618 sa
119 1571 154 1607 is
166 1596 181 1617 ,
206 1572 267 1620 qui
279 1571 499 1620 appellantis
508 1582 718 1620 procurator
728 1599 742 1620 ,
757 1574 815 1611 vel
837 1571 1041 1609 advocatus
1061 1574 1100 1608 in

59 1623 171 1669 priori
182 1620 316 1670 judicto
324 1620 451 1666 fuerat
463 1648 476 1668 ,
490 1635 554 1658 non
569 1625 764 1672 recipiatur
778 1627 814 1661 in
827 1619 960 1666 tesiem.
969 1622 1098 1669 Neque

60 1668 261 1721 indisiinc‘sie
273 1669 338 1719 ipsi
352 1671 554 1721 appellanti
567 1672 584 1719 (
591 1670 854 1722 prasumptione
863 1671 1024 1719 faciente
1035 1682 1099 1719 pro

60 1731 100 1756 eo
115 1721 132 1766 )
146 1718 337 1767 deseratur
362 1724 474 1759 etiam
488 1723 756 1769 juramentum;
778 1722 848 1771 sed
862 1733 942 1759 tunc
956 1720 1033 1758 etim
1047 1723 1099 1757 in-

53 1766 191 1817 spebiis
202 1768 429 1817 personarum
444 1771 484 1815 (⁸5
497 1770 607 1820 ipsius
620 1770 733 1819 eausa
756 1769 1030 1816 circumstantiis
1056 1770 1097 1806 id

53 1817 171 1865 fuerit
180 1818 396 1866 faciendum
418 1845 428 1855 .
453 1834 485 1859 c.
506 1823 692 1860 Romana
716 1823 764 1861 de
790 1822 947 1868 testibus
960 1847 972 1866 ,
1000 1822 1039 1857 in
1061 1819 1097 1857 6.

110 1870 187 1927 i’ia
207 1868 481 1912 confideratione
501 1869 628 1915 siatuit
653 1882 769 1910 mater
786 1869 972 1917 Ecclesia,
998 1869 1093 1919 quod

55 1929 202 1964 majores
231 1922 597 1958 excommunicationis
634 1925 793 1968 exceptio
822 1924 859 1958 in
891 1932 1096 1970 quacunque

53 1976 164 2052 parte
179 1966 397 2013 judiciorum
418 1968 572 2016 opposita
592 1969 679 2008 lites
701 1971 858 2016 differat
882 1995 895 2014 ,
930 1971 972 2012 ὡ·
985 1968 1098 2016 repel-

73 2025 114 2053 at
138 2026 302 2064 agentes,
326 2026 366 2054 ut
390 2030 436 2055 ex
459 2019 522 2055 boc
548 2022 666 2066 magis
691 2018 842 2064 censura
873 2017 1096 2063 Ecclesiasti-

54 2078 103 2103 ca
123 2069 294 2103 timeatur
309 2092 322 2112 ,
346 2069 591 2105 communionis
600 2067 797 2116 pericnlum
811 2071 966 2104 evitetur
982 2093 994 2112 ,
1018 2080 1097 2103 con·

56 2117 222 2154 tumaciae
248 2118 378 2155 vitium
400 2129 438 2154 re
465 2119 639 2163 rimatur;
664 2116 1097 2161 excommmunicat1,dum

54 2167 85 2204 ὰ
105 2165 338 2205 communibus
360 2127 502 2205 astibus
523 2165 786 2213 excluduntur,
814 2166 937 2205 rubore
956 2164 1096 2214 suffusi,

51 2215 111 2253 ad
135 2215 354 2254 humilitatis
370 2217 534 2264 gratiam
550 2218 590 2259 &
611 2216 905 2254 reconciliationis
929 2215 1097 2261 effec‘lum

47 2264 203 2312 facilius
217 2265 427 2303 inclinentur
441 2291 450 2301 .
474 2263 555 2303 Sed
567 2265 740 2302 bominum
764 2263 997 2311 succrescente
1021 2279 1097 2301 ma-

53 2316 162 2360 litia,
188 2313 286 2363 quod
304 2313 485 2364 provisum
508 2313 554 2360 esi
578 2314 632 2352 ad
653 2313 876 2358 remedium,
903 2314 1018 2351 tendit
1040 2313 1095 2351 ad

51 2377 207 2402 noxam.
247 2366 349 2402 Dum
395 2367 486 2402 enim
516 2367 553 2402 in
587 2362 702 2408 causis
731 2361 990 2408 Ecclesiasticis
1015 2363 1092 2409 fre-

51 2425 201 2463 quenter
224 2413 295 2451 baec
315 2417 475 2463 exceptio
495 2426 560 2464 per
585 2413 763 2451 malitiam
781 2415 963 2461 opponitur
978 2439 991 2459 ,
1017 2426 1093 2450 con-

51 2467 157 2511 tingit
182 2463 362 2502 interdum
385 2464 530 2510 differri
553 2466 712 2512 negotia,
738 2464 779 2506 (5
789 2474 912 2512 partes
930 2462 1092 2511 fatigari

52 2512 235 2551 laboribus
259 2515 299 2556 &
323 2513 483 2565 expensis
511 2528 519 2553 :
558 2511 706 2563 proinde
735 2515 821 2562 quia
858 2513 993 2550 morbus
1029 2511 1090 2556 isle

49 2561 151 2612 quasi
173 2568 362 2602 communis
389 2563 552 2612 irrepffl,
579 2564 721 2610 dignum
744 2563 914 2603 duximus
942 2576 1091 2600 commu-

49 2627 127 2650 nem
151 2613 324 2652 adbibere
348 2614 524 2651 medelam
553 2641 561 2650 .
598 2614 643 2652 Si
665 2615 746 2662 quis
768 2615 876 2661 igitur
898 2625 1090 2650 excommu-

48 2666 258 2701 nicationem
284 2666 420 2713 opponit
438 2690 450 2710 ,
474 2663 627 2713 speciem
650 2664 747 2701 illius
763 2665 804 2706 ό·
820 2675 938 2700 nomen
950 2674 1086 2702 excom.

47 2716 281 2751 municatoris
303 2716 483 2762 exprimat
499 2740 511 2760 ‚
527 2711 690 2763 sciturus
711 2726 791 2750 eam
816 2725 890 2750 rem
905 2711 944 2759 se
965 2711 1086 2758 defer-

47 2775 86 2800 re
110 2763 240 2800 debere
267 2766 303 2799 in
326 2764 507 2813 publicam
532 2766 696 2800 notitiam
722 2789 734 2809 ,
759 2776 868 2812 quam
892 2761 992 2808 infra
1015 2763 1086 2800 ocio

47 2812 188 2850 dierum
204 2812 368 2862 spatium
395 2813 484 2859 (die
506 2816 542 2850 in
555 2827 619 2862 quo
633 2815 821 2862 opoonitur
838 2813 976 2850 minimi
994 2825 1085 2849 cosn-

41 2862 370 2913 putato)probare
399 2863 525 2900 valeat
563 2862 789 2911 apertiffimis
825 2861 1047 2900 documentis
1074 2890 1084 2898 .

46 2911 158 2964 Qod
175 2913 208 2958 si
230 2928 295 2951 non
310 2913 547 2963 probaverit,
566 2913 683 2960 judex·
719 2915 755 2950 in
788 2911 898 2959 eausa
917 2912 1084 2960 procede-

47 2974 87 2998 re
111 2976 176 3001 non
199 2965 368 3010 omittat,
392 2976 488 3000 reum
513 2968 548 3000 in
572 2961 732 3010 expensis
749 2989 761 3009 ,
796 2975 888 3011 quas
912 2962 1010 2998 actor
1041 2962 1082 3000 ob

44 3010 107 3051 boc
127 3012 248 3052 diebus
267 3015 342 3053 illis
359 3011 400 3061 se
416 3013 539 3061 feciffe
554 3012 734 3058 docuerit,
757 3011 950 3061 prehabita
972 3023 1084 3049 tara·

43 3073 137 3101 tione
164 3065 403 3103 condemnans
434 3090 443 3100 .
482 3062 527 3100 Si
561 3063 647 3100 vero
669 3061 882 3112 postmodum
909 3058 1080 3101 insiantia

0 3120 11 3141 J-
43 3112 228 3160 durante,
243 3115 378 3162 judicij
392 3113 663 3162 &probationis
701 3116 802 3162 copia
834 3105 1039 3160 succedente
1067 3138 1079 3157 ,

43 3162 92 3200 de
117 3162 245 3200 eadem
266 3166 621 3202 excommunicatione
646 3189 658 3208 ‚
696 3161 756 3199 vel
778 3162 856 3198 alia
878 3162 1079 3210 excipiatur

42 3216 199 3259 iterum,
227 3214 468 3262 &probetur-t
496 3213 610 3251 Aetvr
643 3216 679 3250 in
707 3211 937 3261 sequentibus
960 3212 1079 3249 exclu-

8 3264 11 3296 ὲ
39 3261 181 3309 datur,
206 3263 314 3300 donec
345 3266 512 3303 meruerit
547 3261 771 3309 absolutionis
803 3263 964 3309 gratiam
989 3262 1079 3299 obti-

36 3324 145 3351 nere.
173 3313 251 3351 His
277 3323 353 3362 qua
380 3313 623 3363 praecefferunt
650 3339 662 3358 ,
701 3310 924 3349 nibilominus
957 3312 994 3347 in
1013 3309 1077 3359 suo

8 3385 11 3410 3
38 3361 157 3400 robore
180 3361 372 3401 duraturis
393 3383 404 3400 .-
441 3361 593 3410 Proviso
615 3363 709 3413 quod
732 3361 829 3400 ultra
857 3361 953 3398 duas
975 3363 1075 3400 vices

7 3452 9 3457 ,
37 3411 112 3450 hec
137 3426 204 3449 non
224 3422 419 3462 opponatur
440 3415 618 3462 exceptio:
642 3422 879 3462 praeterquam
901 3409 928 3456 si
941 3423 1075 3449 excom-

9 3485 11 3490 ,
37 3464 232 3499 manicatio
251 3475 345 3500 nova
379 3461 557 3510 emerserit
583 3490 596 3508 ,
642 3463 700 3500 vel
731 3461 880 3499 evidens
907 3462 1072 3508 &prom-

8 3523 11 3539 κ
33 3521 104 3559 pta
123 3511 283 3560 probatio
301 3510 546 3561 supervenerit
567 3514 615 3549 de
639 3515 787 3562 antiqua
807 3540 815 3547 .
851 3510 931 3548 Sed
954 3509 979 3548 E
1000 3509 1070 3558 posi

39 3564 114 3598 rem
130 3561 339 3610 judicatam
360 3561 450 3599 talis
473 3565 630 3611 exceptio
662 3573 875 3612 proponatur
902 3587 914 3606 ,
947 3573 1070 3598 execu-

1958 254 2119 322 395*

1149 328 1263 364 minus
1284 327 1386 365 robur
1407 327 1565 366 debitum
1585 331 1750 371 obtinebit
1777 360 1786 370 .
1819 334 1873 374 Eo‘
1896 345 2016 374 tamen
2040 336 2172 387 salvo,

1147 385 1187 412 ut
1205 374 1237 420 si
1257 378 1355 414 actor
1376 382 1687 419 excommunicatus
1710 384 1752 425 lit
1783 385 1946 432 publice,
1986 389 2026 430 (5
2042 389 2099 424 boc
2111 391 2174 437 ju-

1146 424 1220 462 dex
1242 430 1379 465 noverit
1398 428 1710 480 quandocumque,
1737 432 1755 480 (
1769 432 1831 478 etsi
1853 436 1900 472 de
1923 437 1982 474 boc
2006 450 2085 474 reus
2105 452 2173 475 non

1147 477 1306 523 excipiat
1332 479 1350 525 )
1377 477 1496 527 judex
1529 491 1574 516 ex
1597 480 1702 526 officio
1723 483 1876 522 actorem
1912 487 2079 530 repellere
2103 501 2172 526 nott

1145 523 1343 573 postponat.
1368 540 1475 574 capa
1519 530 1565 567 de
1590 535 1850 579 exceptionib.
1871 538 1909 571 in
1940 536 1960 571 6

1196 573 1375 634 Frequens
1384 579 1425 620 6
1436 576 1572 624 assidua
1585 593 1645 618 nos
1654 583 1799 631 querela
1812 587 1938 622 circum
1940 585 2060 634 sirepit
2064 586 2174 635 ,quod

1141 621 1363 683 spoltationis
1386 630 1543 676 exceptio
1567 644 1807 682 nonnunquam
1840 637 1878 671 in
1895 635 2047 680 judiciis
2072 636 2172 673 calu-

1147 676 1274 713 mniose
1292 675 1490 726 proposita,
1514 679 1642 726 causas
1660 681 1928 726 Ecclesiastieas
1956 687 2104 733 impe-'dit
2127 688 2170 730 3

1142 726 1348 782 perturbat.
1378 727 1478 765 Dum
1492 732 1581 766 enim
1595 735 1790 780 exceptioni
1814 733 1980 779 inlisi-tur
1994 761 2007 780 ,
2046 736 2170 783 appel·

1145 782 1252 812 tiones
1267 777 1438 825 interponi
1451 780 1616 827 contingit
1628 806 1640 825 ,
1652 781 1691 824 (ς
1701 781 1748 826 sic
1762 785 2008 823 intermittitur
2017 811 2029 831 ‚
2043 787 2084 828 ὠ·
2095 785 2171 832 ple-

1144 835 1286 873 rumque
1304 829 1493 874 perimitur
1517 828 1630 876 eausae
1658 836 1799 878 cognitio
1829 834 2045 883 principalis
2063 846 2079 873 .·
2114 834 2170 873 Et·

1140 883 1328 921 propterea
1350 889 1410 914 nos
1421 904 1434 924 ,
1459 879 1522 927 qui
1542 878 1758 919 voluntarios
1780 882 1920 923 labores
1943 886 2172 934 appetimus,

1141 934 1180 960 ut
1194 927 1344 972 quietem
1365 927 1447 964 aliis
1467 938 1703 976 preparemus
1718 956 1732 977 ‚
1752 929 1861 977 finem
1885 934 2008 973 litibus
2030 938 2172 983 cupien-

1141 983 1197 1010 tes
1228 977 1355 1023 imponi
1377 1001 1390 1021 ,
1430 977 1471 1020 (θ’
1496 977 1678 1016 calumnia·
1713 985 1904 1021 materiam
1947 995 2133 1034 amputare
2156 982 2174 1025 ε’

1135 1020 1322 1068 statuimus
1335 1051 1346 1071 ‚
1373 1036 1411 1062 ut
1425 1028 1460 1062 in
1473 1027 1640 1066 civilibus
1655 1032 1817 1077 negotiis,
1840 1032 2060 1082 spoliationis
2075 1035 2169 1080 obje-

1140 1075 1197 1112 Hu
1211 1086 1286 1124 quae
1299 1075 1346 1111 ab
1360 1076 1432 1113 alio
1443 1090 1552 1125 quam
1565 1078 1613 1115 ab
1627 1079 1744 1117 aciore
1756 1080 1866 1127 fabia
1881 1087 2098 1129 proponitur,
2106 1086 2166 1130 ju-

1139 1124 1214 1162 dex
1226 1127 1262 1162 in
1271 1126 1463 1174 principali
1470 1128 1660 1175 procedere
1674 1143 1740 1168 non
1751 1127 2021 1181 postponatSed
2030 1131 2060 1177 si
2075 1136 2109 1169 in
2122 1135 2171 1170 ci-

1139 1174 1274 1212 vilibus
1286 1175 1333 1212 ab
1347 1175 1463 1212 actore
1475 1203 1487 1220 ,
1513 1181 1550 1213 in
1562 1179 1811 1218 criminalibus
1834 1194 1953 1220 autem
1975 1181 2010 1226 se
2029 1180 2164 1230 spolia-

1139 1234 1213 1261 tum
1225 1236 1300 1261 reus
1311 1224 1369 1271 aff
1363 1235 1443 1262 erat
1457 1227 1484 1263 ὰ
1496 1239 1692 1278 quocunque
1702 1257 1717 1277 ‚
1741 1231 1843 1277 infra
1866 1233 2070 1282 quindecim
2087 1232 2165 1269 die-

1098 1287 1101 1295 s
1138 1285 1215 1312 rum
1228 1270 1245 1323 J
1245 1275 1383 1323 patiam
1405 1273 1492 1322 (posi
1505 1275 1602 1314 diem
1615 1281 1651 1314 in
1664 1294 1729 1327 quo
1742 1285 1959 1328 proponitur)
1971 1282 2066 1333 quod
2079 1279 2136 1329 aff
2131 1295 2166 1319 e-

1138 1325 1211 1370 rit,
1238 1324 1493 1374 comprobabit.
1519 1326 1691 1376 Alioquin
1705 1343 1750 1366 ex
1764 1331 1915 1379 expenfis
1939 1360 1950 1378 ,
1979 1346 2065 1381 quas
2080 1335 2167 1368 inte·

1138 1375 1206 1411 rim
1219 1374 1316 1412 attor
1335 1374 1375 1412 ob
1389 1373 1449 1412 boe
1458 1374 1589 1421 fecerit
1602 1403 1614 1422 ‚
1633 1379 1807 1425 judiciali
1821 1385 2006 1419 taxatione
2029 1381 2172 1430 praeba·

1138 1422 1239 1469 bita,
1261 1423 1531 1465 condemnetur:
1556 1425 1680 1472 alias,
1699 1426 1733 1473 fi
1751 1428 1870 1473 judici
1893 1443 2026 1480 aequum
2049 1429 2168 1476 visum

1132 1471 1272 1520 fuerit,
1297 1474 1520 1522 puniendus.
1547 1475 1659 1514 Illum
1671 1487 1790 1515 autem
1806 1477 1997 1526 spoliatum
2016 1479 2168 1527 intelligi

1137 1522 1299 1560 volumus
1311 1525 1349 1560 in
1361 1523 1422 1560 boc
1434 1522 1519 1570 casu
1527 1549 1542 1571 ,
1565 1523 1646 1563 edm
1659 1528 1892 1566 criminaliter
1905 1528 2170 1579 accusatur‚qui

1138 1583 1213 1610 tota
1223 1569 1292 1621 sua
1302 1570 1527 1622 substantia,
1553 1575 1613 1611 vel
1630 1577 1761 1622 majori
1769 1589 1877 1625 parte
1900 1578 2031 1626 ipsius,
2051 1579 2090 1627 se
2105 1591 2168 1629 per

1138 1623 1349 1660 violentiam
1361 1620 1566 1668 destitutum
1579 1624 1763 1669 affirmat:
1781 1625 1976 1674 secundam
2000 1630 2061 1667 boc
2074 1628 2169 1678 loqui

1138 1672 1175 1710 C
1177 1685 1306 1710 anones
1315 1670 1408 1719 sano
1422 1672 1639 1711 credendum
1653 1672 1699 1719 esi
1713 1675 1891 1714 intellec‘iu
1901 1704 1913 1723 ,
1928 1682 2014 1726 quia
2029 1691 2090 1715 nec
2103 1692 2168 1715 nu-

1137 1722 1180 1759 di
1192 1721 1400 1760 contendere
1411 1747 1423 1767 ,
1449 1734 1508 1759 nec
1522 1723 1668 1761 inermes
1689 1726 1837 1763 inimicis
1850 1738 2015 1775 opponere
2029 1741 2087 1765 nos
2103 1728 2168 1765 de-

1137 1771 1276 1810 bemus.
1304 1770 1432 1809 Habet
1457 1774 1548 1809 enim
1568 1773 1736 1822 spoliatus
1756 1777 1983 1824 privilegium
2001 1805 2014 1825 ,
2053 1789 2091 1815 ut
2106 1792 2169 1815 non

1133 1820 1229 1871 pofft't
1248 1823 1331 1859 exui
1347 1823 1428 1869 jam
1442 1821 1624 1860 nudatus.
1651 1822 1751 1862 Solet
1775 1837 1893 1864 autem
1916 1827 2170 1865 interScbola-

1131 1869 1235 1917 sticos
1249 1871 1413 1909 dubitari
1423 1897 1437 1918 ,
1458 1870 1490 1916 fi
1511 1870 1683 1919 spoliatus
1698 1876 1724 1912 ὰ
1738 1878 1843 1912 tertio
1855 1902 1866 1922 ,
1894 1875 1942 1913 cle
1959 1877 2168 1925 spoliatione

1135 1931 1256 1959 contra
1265 1920 1366 1968 suum
1379 1919 1617 1968 accusatorem
1629 1927 1852 1971 excipiat,an
1865 1928 1897 1962 ei
1910 1937 2048 1974 tempus
2061 1928 2086 1964 ἁ
2099 1927 2167 1974 Ju-

1138 1971 1218 2009 dice
1232 1970 1363 2008 debeat
1378 1969 1673 2018 indulgeri,infra
1687 1974 1780 2021 quod
1789 1973 2034 2017 restitutionem
2049 1977 2171 2025 implo-

1136 2031 1246 2058 ret:ne
1254 2018 1410 2067 sortefic
1423 2020 1512 2057 velit
1528 2019 1734 2067 exiliere,ut
1750 2037 1882 2061 omnem
1911 2025 2169 2072 accusationem

1138 2068 1264 2106 eludat
1279 2079 1292 2114 3
1309 2070 1403 2118 quod
1412 2070 1510 2116 satis
1525 2073 1687 2119 equitati
1697 2074 1737 2116 (ς
1745 2075 1819 2122 juri
1831 2074 2006 2122 consonum
2021 2076 2168 2119 aeliima-

1137 2132 1228 2158 mus.
1259 2119 1370 2171 Qod
1388 2119 1420 2164 fi
1443 2119 1543 2166 infra
1566 2132 1699 2169 tempus
1721 2123 1900 2161 indultum
1915 2124 2165 2169 restitutionem

1136 2182 1199 2206 non
1221 2173 1390 2215 petierit,
1411 2170 1452 2213 ὅ
1469 2168 1637 2218 causam,
1662 2186 1741 2210 cum
1759 2178 1913 2221 potuerit
1927 2200 1939 2220 ,
1965 2189 2028 2212 non
2051 2176 2163 2214 ducat

1134 2217 1189 2256 ad
1197 2216 1306 2272 finem
1321 2245 1333 2264 ,
1348 2232 1411 2256 non
1424 2217 1579 2263 obstante
1587 2219 1813 2269 spoliationis
1827 2227 2025 2273 exceptione
2036 2229 2167 2274 poterit

1135 2268 1316 2315 accusari.
1332 2282 1401 2316 cap
1424 2270 1503 2307 1.de
1523 2271 1770 2311 restitutione
1788 2271 2058 2321 spoliatorum,
2072 2280 2108 2313 in
2127 2274 2167 2314 6.

1183 2315 1279 2354 Ctim
1300 2321 1422 2357 aeterni
1443 2319 1600 2357 tribunal
1607 2320 1755 2368 Judicis
1777 2322 1876 2360 illum
1898 2336 1994 2360 reum
2017 2338 2080 2362 non
2098 2325 2167 2361 ba-

1132 2365 1216 2403 beat
1228 2392 1241 2411 ,
1266 2381 1368 2414 quem
1382 2367 1502 2414 injuste
1510 2370 1628 2415 judex
1648 2373 1857 2408 condemnat
1870 2399 1881 2417 ,
1909 2372 2056 2416 testante
2070 2376 2160 2413 Pro-

1127 2415 1259 2463 pheta:
1290 2415 1330 2453 N
1333 2429 1370 2454 ec
1383 2417 1574 2455 damnabit
1588 2432 1664 2457 eum
1675 2446 1687 2466 ‚
1702 2420 1781 2458 eti-n
1788 2421 2013 2468 judicabitur
2026 2424 2080 2461 illi
2083 2438 2164 2472 ;ca·

1130 2476 1240 2503 veant
1257 2464 1643 2513 Ecclesiasticijudiees
1654 2496 1665 2514 ,
1681 2472 1722 2514 (9·
1735 2471 1929 2519 prudenter
1946 2474 2161 2520 attendant,

1129 2526 1167 2551 ut
1182 2519 1219 2551 in
1232 2513 1324 2561 caus
1319 2528 1420 2552 arum
1434 2516 1632 2563 processibus
1649 2519 1738 2557 nibil
1753 2521 1917 2559 vendicet
1930 2524 2049 2560 odium
2062 2551 2073 2568 ,
2088 2535 2158 2563 aut

1122 2563 1237 2611 favor
1251 2565 1393 2614 usurpet
1404 2580 1422 2613 ;
1443 2569 1546 2604 timor
1560 2569 1680 2607 exulet
1693 2596 1704 2614 ,
1715 2575 1898 2619 praemium
1913 2584 1976 2610 aut
1990 2575 2159 2623 expet-‘ia-
2218 2597 2223 2605 ·

1127 2617 1176 2652 tio
1195 2618 1333 2664 premii
1348 2613 1527 2662 justitiam
1549 2631 1614 2654 non
1635 2631 1799 2659 evertat:
1827 2621 1891 2663 sed
1911 2620 2082 2664 stateram
2097 2638 2155 2672 ge.

1123 2662 1214 2708 sient
1228 2666 1266 2701 in
1281 2664 1469 2711 manibus,
1504 2664 1625 2705 lances
1659 2681 1707 2716 ap
1734 2670 1869 2708 cudant
1892 2684 1927 2708 ae.
1945 2687 1985 2710 uo
1997 2672 2160 2712 librami-

1127 2727 1169 2751 ne
1179 2741 1191 2759 ,
1217 2725 1255 2751 ut
1269 2716 1305 2750 in
1317 2715 1472 2752 omnibus
1485 2728 1560 2764 quae
1573 2719 1610 2754 in
1622 2732 1690 2756 cau
1702 2734 1738 2757 ss
1755 2721 1896 2768 agenda
1905 2687 2150 2772 licerintfflme-

1121 2762 1247 2811 sertim
1271 2766 1307 2800 in
1331 2765 1570 2813 concipiendis
1600 2764 1780 2814 sententiis
1801 2772 1841 2814 (ς
1856 2770 2047 2817 ferendis,
2081 2784 2156 2821 prae

1125 2813 1230 2851 oculis
1244 2813 1399 2852 babeant
1417 2812 1528 2861 solum
1542 2816 1680 2856 Deum:
1709 2819 1805 2856 illius
1829 2823 2012 2857 imitantes
2036 2835 2152 2860 exem.

1122 2863 1245 2911 plum,
1270 2867 1331 2912 qm·
1353 2863 1517 2912 querelas
1538 2866 1658 2914 populi
1677 2869 1958 2906 Tabernaculum
1984 2872 2154 2919 ingreffus

1124 2914 1178 2950 ad
1195 2913 1389 2951 Dominum
1413 2912 1602 2960 deferebat
1624 2941 1638 2961 ,
1664 2929 1703 2954 ut
1723 2917 1918 2965 secun-‚idm
1941 2921 2014 2966 ejus
2043 2924 2152 2971 impe-

1123 2967 1213 3001 rium
1222 2962 1407 3010 judicaret
1420 2991 1428 3000 .
1455 2962 1500 3000 Si
1512 2967 1592 3012 quis
1617 2976 1735 3004 autem
1754 2968 1870 3016 judex
1886 2969 2149 3015 Ecclesiasticus

1122 3013 1345 3058 ordinarius,
1371 3024 1435 3049 aut
1449 3015 1557 3050 etiam
1571 3014 1782 3064 delegatus,
1803 3018 1914 3064 samae
1930 3017 2003 3065 sue
2025 3022 2152 3070 prodi-

1115 3076 1179 3112 gus
1192 3065 1230 3106 t&
1239 3064 1372 3111 proprii
1382 3061 1579 3112 prosecutor
1592 3064 1747 3113 honoris,
1761 3079 1885 3105 contra
1898 3066 2149 3117 conscientiam

1122 3111 1340 3156 &iustitiam
1354 3115 1390 3149 in
1401 3125 1600 3160 gravamen
1621 3120 1740 3166 partis
1763 3117 1930 3164 alterius,
1956 3123 1993 3155 in
2017 3121 2148 3159 iudicio

1120 3162 1316 3211 quidquam
1324 3161 1455 3208 fecerit
1468 3175 1532 3210 per
1541 3168 1701 3210 gratiam
1721 3192 1734 3212 ,
1766 3167 1824 3204 vel
1871 3180 1910 3205 er
1923 3165 2045 3214 sordes
2061 3197 2073 3216 ‚
2100 3170 2148 3208 ab

1119 3215 1322 3250 executione
1335 3211 1437 3257 officii
1450 3223 1516 3262 per
1530 3226 1662 3252 annum
1675 3219 1812 3254 noverit
1844 3231 1860 3254 e
1870 3216 2024 3266 suspens
2017 3235 2037 3255 ιι
2044 3219 2147 3264 »mad

1119 3259 1373 3306 aesiimationem
1386 3262 1464 3299 litis
1475 3266 1576 3311 parti
1591 3290 1604 3310 ,
1630 3279 1737 3314 quam
1747 3265 1896 3312 laeserit,
1916 3268 2146 3307 nibilominus

1117 3311 1419 3368 condemnandus;
1426 3310 1578 3358 sciturus
1592 3340 1602 3355 ,
1612 3315 1706 3363 quod
1714 3315 1745 3359 si
1753 3314 1971 3366 suspensione
1985 3318 2142 3356 durante

1117 3360 1373 3399 damnabiliter
1385 3362 1556 3411 tngefferit
1570 3361 1593 3406 s
1587 3375 1605 3399 e
1619 3363 1774 3412 divinis,
1782 3366 1971 3414 irregulari
1980 3371 2073 3406 tatis
2092 3370 2148 3406 la-

1115 3426 1200 3461 queo
1215 3411 1248 3459 se
1262 3412 1437 3457 involvet,
1445 3410 1634 3461 secundum
1643 3413 1850 3453 Canonicas
1860 3415 2065 3464 saneiiones
2081 3446 2092 3465 ,
2120 3433 2146 3456 a

1115 3476 1187 3511 qua
1203 3475 1266 3499 non
1292 3460 1356 3507 nisi
1393 3475 1430 3499 er
1441 3461 1472 3499 S
1473 3476 1624 3500 nmmum
1638 3463 1844 3511 Pontificem
1855 3470 1986 3516 poterit
2010 3468 2143 3505 libera-

1115 3514 1166 3549 ri.
1191 3510 1322 3548 Salvis
1336 3526 1358 3547 a
1375 3513 1422 3549 iis
1437 3513 1736 3557 constitutionibus
1748 3541 1760 3560 ,
1778 3528 1854 3564 quae
1877 3517 2056 3555 iudicibus
2071 3531 2146 3555 ma.

1114 3562 1146 3599 le
1171 3560 1414 3599 iudicantibus
1432 3572 1557 3610 poenas
1589 3565 1748 3608 ingerunt
1769 3569 1809 3608 (5
1840 3566 2000 3615 infligunt
2020 3594 2028 3602 .
2068 3567 2142 3603 Di-

37 3612 163 3650 tioneus
183 3611 355 3661 impediet
372 3622 386 3658 ς
401 3609 472 3659 sed
488 3610 667 3660 sententia
693 3609 952 3662 quaepraeccffit
967 3636 981 3657 ‚
1005 3624 1070 3649 non
1108 3624 1215 3661 gnum
1236 3610 1287 3659 est
1312 3614 1404 3649 enim
1424 3639 1437 3660 ,
1461 3623 1500 3649 ut
1522 3614 1585 3662 qui
1607 3618 1642 3651 in
1666 3626 1716 3653 tot
1744 3615 1919 3663 praesurm't
1945 3615 2142 3662 offendere,

2013 3674 2107 3706 pana
