2430 3958
556 114 557 118 '
621 108 625 111 ’
677 155 679 157 ·
731 105 1134 195 Historica·

103 226 154 271 ab
180 223 597 272 inseriffiemerserunts
625 222 953 276 pelagianorum,
981 219 1120 280 Nesto-

102 281 326 326 rianorum,
353 280 479 324 &Eut
508 276 761 323 chianorum.
788 276 964 327 Pelagius
988 285 1117 318 nattu-

130 382 132 384 ,
179 332 321 379 Scotus
345 344 394 371 cx
420 333 462 372 in
502 329 544 371 la
568 332 772 375 Britannia
796 326 1006 374 oriundus,
1030 338 1116 379 pm·

100 425 101 428 ,
144 427 146 429 ,
179 396 223 424 us
242 385 282 423 in
311 380 551 425 Palaestinam
577 407 593 429 ,
630 381 894 436 monachique
928 376 1114 426 assumpta

99 432 328 490 proseffione
339 459 354 483 ,
381 438 547 484 gratiam
556 433 728 482 Christi,
755 431 962 490 sanamque
976 431 1115 478 depom-

99 498 195 538 cato
215 486 398 537 originali
416 488 634 529 docibrinam
660 489 884 539 impugnare
903 479 1113 542 aggressum

100 537 330 582 Coelestium
357 540 494 586 naotus
514 539 576 583 ,est
603 536 691 582 disci
722 537 859 584 ulum,
886 548 955 586 qui
974 545 1113 583 primus

99 589 143 632 in
171 586 306 632 Africa
329 589 481 633 haereses
516 592 603 632 istas
638 551 884 646 dislleininans.
914 612 930 634 o
967 584 1114 630 senten-

103 645 200 691 riam
224 641 491 685 damnationis
510 635 1114 696 accepitaCatthaginenfiCon-

98 694 193 739 cilio
213 717 229 742 2
262 694 487 739 accusatore
505 694 672 747 Paulino
706 690 881 740 Ecclesia?
905 688 1115 740 Carthagi-

98 744 224 788 nenfis
252 748 439 788 Diacono
465 774 480 797 ,
508 761 616 788 anno
642 758 731 797 412.
758 741 864 785 cum
885 741 978 783 vero
1008 741 1114 781 Pela-

97 800 184 849 gius
201 801 242 843 in
265 797 462 840 Palaestina
489 799 671 845 haereret,
699 796 796 840 duos
816 790 1114 839 habuitaccusa„

98 861 208 889 tores
227 849 461 893 Gallicanos
488 848 695 903 Episcopos
722 850 882 891 Erotem
912 844 1115 886 Arelaten-

97 895 176 943 ἴση]
193 924 210 948 a
235 903 277 941 &
304 902 501 948 Lazarum
523 898 746 952 Aquensem
771 899 874 948 apud
901 895 1111 946 Episcopos

95 951 306 994 Palaestinae
325 978 341 1003 ,
368 956 419 996 ad
445 967 546 1007 quos
569 952 628 998 illi
655 963 835 1004 excerpta
863 950 910 991 de
936 949 1111 999 Pelagii,

98 1003 358 1056 Coelestiique
383 1006 490 1051 libris
516 1006 688 1055 capitula
714 1002 894 1047 miserunt
911 1031 920 1041 .
945 1003 1039 1054 Qa
1065 999 1113 1043 de

97 1068 140 1096 re
168 1057 351 1111 Diospoli
378 1057 647 1102 inralaestina
681 1055 977 1108 quatuordecim
1010 1049 1113 1102 Epis-

96 1121 287 1158 coporum
314 1107 596 1153 convocataest
622 1109 805 1161 synodus
823 1132 840 1156 ,
867 1120 970 1158 quos
995 1107 1112 1147 inter-

95 1171 277 1210 rogantes
315 1163 459 1206 citatus
489 1161 539 1202 ad
573 1159 731 1203 causam
768 1159 972 1213 dicendam
1005 1155 1113 1200 Pela-

90 1213 174 1260 gius
192 1234 209 1258 a
236 1210 465 1258 diffimulata
495 1215 661 1256 veritate
684 1239 701 1262 ,
734 1209 911 1262 captiosis
930 1207 1113 1262 responfis

86 1260 199 1306 elufit
213 1291 223 1302 .
249 1263 423 1315 Ideoque
451 1264 616 1317 Joannis
628 1259 1113 1319 JerosolymitaniEpisco-

87 1315 182 1366 Pi&
207 1313 571 1367 RufiniPresbyteri
597 1341 614 1366 ,
679 1320 717 1358 ui
742 1316 862 1358 ambo
889 1312 1113 1365 origenistae

91 1377 227 1424 erant,
256 1370 507 1418 interventu,
532 1369 624 1421 dimi
657 1385 698 1412 us
722 1368 1006 1410 estabsolutus.
1033 1364 1114 1410 An-

96 1427 152 1459 no
179 1419 312 1468 postea
338 1429 429 1472 416.
457 1422 720 1466 Provinciales
737 1420 888 1473 Synodi
910 1416 1116 1469 Carthagi-

82 1469 221 1518 ‘nenfis
247 1474 288 1513 δι
323 1473 556 1518 Milevitana
582 1472 764 1522 praesente
800 1472 1019 1523 Augustino
1047 1473 1116 1521 Sy.

95 1523 257 1572 nodicas
285 1525 336 1566 ad
363 1527 639 1570 innocentium
652 1526 784 1569 Romae
803 1523 1037 1575 Episcopum
1047 1526 1118 1565 mi-

83 1573 223 1619 ‘serunt
243 1601 260 1624 ι,
278 1591 639 1622 *commemorantes
668 1576 738 1620 suo
765 1579 923 1621 decreto
951 1576 1116 1617 damna-

79 1639 157 1668 ·tos
182 1623 288 1672 fuiss'e
320 1629 516 1682 Pelagium
545 1632 587 1674 δε
612 1629 844 1673 Coelestium
881 1658 891 1668 .
925 1629 1115 1680 Sequenti

92 1693 204 1724 anno
215 1692 306 1731 417.
331 1680 500 1725 successit
529 1683 766 1726 Innocentio
794 1680 994 1727 zosimus,
1022 1681 1115 1721 Coe.

95 1731 217 1780 lestii,
245 1735 315 1784 qui
332 1733 497 1777 Romam
523 1734 775 1786 purgandiiui
802 1732 915 1774 causa
934 1745 1114 1779 venerat,

89 1783 182 1828 fieta
191 1782 419 1835 professione
430 1811 445 1834 s
474 1783 717 1837 subdolisque
727 1786 918 1837 Pelagii&
939 1784 1115 1837 Episcopi

89 1834 411 1891 Jerosolymitani
439 1836 585 1887 Praylii
613 1837 731 1880 literis
758 1839 936 1889 deceptus
954 1840 994 1878 in
1016 1836 1115 1878 Afri-

85 1895 211 1932 canos
230 1890 388 1935 Patres,
416 1902 536 1943 atque
558 1891 598 1928 in
628 1892 838 1932 Erotem&
858 1890 1115 1932 Lazarumin-

87 1939 271 1990 dignatus
300 1938 372 1981 est.
404 1941 516 1981 Duos
545 1953 675 1982 tamen
705 1939 867 1990 praefixit
894 1940 1039 1982 menses
1065 1940 1115 1983 ad

83 1990 299 2041 pleniorem
319 1991 443 2031 cauiae
465 1990 574 2040 hujus
600 1995 899 2042 cognitionem,
927 1991 1009 2044 quo
1036 1989 1116 2040 spa-

34 2048 36 2050 ’
86 2046 146 2084 tio
174 2040 436 2093 satagentibus
466 2041 664 2086 Africanis
699 2068 715 2091 ι,
758 2041 931 2088 Zofimus
957 2044 1114 2087 demum

73 2094 286 2139 ⁷amborum
314 2094 585 2138 haereticorum
611 2094 828 2138 calliditate
864 2109 1070 2145 comperta
1099 2120 1115 2143 ,

50 2158 52 2160 ’
85 2145 177 2190 cuin
197 2146 406 2193 Coelestius
434 2146 536 2189 clam
566 2147 693 2193 Roma
720 2145 756 2189 se
784 2146 1046 2197 subduxisset,
1074 2162 1117 2188 u-

6 2219 10 2227 *
50 2211 52 2213 ’
85 2211 268 2249 trumque
294 2197 460 2244 secunda
486 2199 571 2249 post
593 2202 816 2242 Innocentii
838 2200 1036 2243 decretum
1054 2212 1118 2241 ex-

44 2251 54 2277 ·³¹
76 2253 447 2293 communicatione
473 2252 640 2305 perculit
665 2266 775 2292 anno
802 2255 892 2304 418.
921 2254 1117 2293 Innocen-

87 2306 165 2345 tius
192 2302 288 2346 vero
302 2316 515 2359 utrumque
541 2301 826 2347 haeresiarcham
847 2302 1115 2347 Ecclefiastica

90 2358 372 2396 communione
405 2353 622 2398 excluserat
654 2369 764 2396 anno
787 2359 856 2406 qui
883 2354 1115 2405 praecesserat

86 2419 178 2457 417.
205 2408 390 2450 Honorio
418 2410 459 2448 &
485 2407 760 2452 Constantino
773 2407 1039 2455 Consulibus,
1070 2420 1116 2450 ut

86 2459 278 2499 testantur
305 2461 381 2506 ejus
408 2460 571 2512 epistola
597 2485 613 2507 ,
649 2472 905 2513 praetereaque
937 2459 1114 2511 Augusti-

91 2525 161 2550 nus
187 2510 292 2558 epist.
311 2523 364 2556 91-
375 2514 417 2567 v&-
445 2524 508 2560 93.
534 2513 752 2563 eodemque
779 2508 1112 2562 prodiitadversus

87 2560 240 2606 eosdem
256 2565 429 2604 Honorii
455 2564 646 2608 ediCkum.
673 2562 963 2614 Subsequutum
989 2564 1042 2605 est
1072 2566 1112 2604 in

86 2612 225 2668 Africa
250 2615 495 2666 plenarium,
523 2619 630 2658 utait
642 2613 824 2664 Prosper,
853 2616 1111 2659 ducentorum

86 2669 126 2708 δι
155 2668 441 2718 quatuordecim
480 2666 759 2717 Episcoporum
798 2666 1112 2720 carthaginense

15 2759 19 2768 ,
87 2717 318 2765 Concilium
337 2743 353 2767 ,
380 2720 488 2770 quod
507 2719 686 2767 adversus
716 2720 967 2771 pelagianam
996 2720 1113 2761 haere-

86 2770 155 2815 fim
183 2770 478 2814 o&o'can0nes
492 2772 636 2819 edidit,
661 2775 731 2824 qui
743 2770 843 2815 salse
871 2773 1110 2819 Milevitano

86 2822 281 2867 Concilio
308 2823 576 2866 attribuuntur
609 2850 624 2872 ,
660 2827 700 2866 &
735 2837 836 2876 quos
872 2825 1109 2867 Coelestinus

87 2872 272 2918 Pontifex
289 2878 328 2916 in
357 2876 449 2925 epist
481 2876 530 2918 ad
545 2875 751 2929 Episcopos
770 2875 910 2919 Galliae
926 2876 1106 2921 subCar-

87 2925 324 2981 thaginenfis
351 2928 503 2979 Synodi
533 2932 690 2971 nomine
707 2926 852 2979 profert
871 2958 881 2971 .
907 2932 1029 2978 Hujus
1049 2943 1108 2970 to-

89 2990 135 3018 to
160 2982 235 3028 iam
269 2979 377 3022 Orbe
413 2982 626 3035 profligatae
652 2983 911 3031 patrocinium
948 2979 1107 3031 suscepit

93 3029 474 3088 Julianus·Memorii
490 3031 669 3085 Episcopi
697 3033 883 3082 Capuani
909 3047 958 3074 ex
986 3034 1108 3085 legin.

95 3093 191 3123 timo
210 3085 454 3132 praecedente
480 3088 732 3127 matrimonio
742 3083 867 3133 filius-2
895 3085 1107 3138 eademque
1131 3131 1133 3134 ,

94 3135 136 3175 in
163 3131 245 3175 sede
269 3136 415 3178 electus
442 3135 651 3186 successor,
679 3137 809 3191 quiob
836 3137 1010 3179 eamdem
1036 3139 1108 3181 hae.

96 3182 206 3244 resim
228 3184 312 3230 sede
340 3187 465 3238 pul-sus
491 3194 531 3232 δε
550 3188 673 3231 solum
713 3191 1061 3236 verrere'oeoaehis
1089 3216 1106 3238 ,

97 3235 267 3295 plur-ibus
292 3239 414 3282 literis
441 3257 529 3284 cum
556 3241 692 3284 saneto
705 3240 923 3295 Augustino
939 3243 1107 3285 decerta-

98 3301 178 3329 vit·
204 3291 380 3334 Succeffit
407 3292 968 3344 subiudeSemipelagianorum
979 3292 1103 3343 secta,

95 3351 216 3432 quam
251 3343 290 3381 in
319 3343 456 3387 Galliis
483 3346 707 3398 gliscentem
734 3346 849 3386 idem¹
875 3344 1106 3396 Augustinus

115 3392 164 3432 ub
190 3390 308 3432 finem
335 3398 423 3437 vitae
447 3398 597 3441 duobus
623 3398 729 3441 libris
756 3398 802 3440 de
813 3398 1108 3449 praedestinatio-

97 3459 145 3485 ne
172 3445 429 3495 Sanctorum,
455 3452 496 3491 δι
511 3451 557 3491 de
573 3451 682 3492 dono
701 3447 1013 3510 perseverantiae,
1040 3465 1109 3502 op.
1127 3450 1132 3454 ”

95 3499 313 3550 pugnavit-2
338 3501 378 3540 &
402 3499 487 3550 post
512 3515 600 3544 eum
614 3501 774 3553 Prosper
802 3500 1066 3554 Aquitanicus
1093 3528 1111 3553 ,

1167 104 1502 218 Synepfis.
1522 169 1540 191 .
1712 184 1718 191 .
1949 138 2112 213 timi

1156 220 1379 271 Fuigentius
1405 246 1421 272 ‚
1447 220 1635 269 Caesaritu
1658 247 1674 271 ,
1703 222 1858 275 aliique
1881 222 1894 267 i
1926 224 1974 269 &i
1993 220 2179 279 sacranda„

1155 273 1336 329 synodus
1362 272 1598 325 Arauficana
1607 275 1808 320 damnavit
1832 289 1942 321 anno
1962 273 2059 324 Chr·
2073 287 2174 328 522·-

1211 338 1267 373 17-
1296 326 1971 380 Nestoriu2C9nstantin0politanus
1997 324 2094 374 Anti
2148 331 2172 369 ε’

1154 391 1300 423 novam
1324 376 1491 427 haeresim
1508 381 1657 425 invexit
1672 405 1687 428 ,
1713 391 1832 433 quam
1846 405 1863 429 ,
1891 381 2048 426 minime
2073 379 2112 425 di

1154 429 1412 479 mulavitwut
1433 428 1533 480 saepe
1558 429 1729 477 fecerant
1752 435 2051 478 commemorati
2077 445 2175 485 pau<

1153 481 1197 523 Ιὸ
1223 483 1315 527 ante
1341 484 1565 534 Pelagius&
1593 483 1822 530 Coelestiuss
1847 481 1911 528 sed
1937 486 2069 536 aperte
2082 497 2167 528 tuin

1152 535 1462 590 concionando,
1489 547 1572 581 tum
1599 533 1824 585 scribendo,
1851 548 1937 581 tum
1965 537 2168 586 viva'vooe

1154 586 1256 635 apud
1284 587 1466 635 synodos
1492 585 1762 636 respondendo
1780 585 1961 638 profeffiis
1979 588 2034 635 est
2050 589 2100 637 ad
2113 587 2168 632 υἷ’.

1153 639 1289 682 timum
1306 637 1425 693 usque
1442 641 1529 684 vitae
1545 639 1730 683 halitum.
1756 641 1869 685 Duas
1892 639 1959 683 hic
1981 639 2169 686 lia-restar-

1152 689 1228 730 cha
1255 690 1451 735 distindas
1472 693 1514 732 in
1541 690 1699 733 Christo
1724 690 1903 742 personas
1926 717 1942 740 ,
1975 694 2171 734 Divinam

1152 755 1301 790 unam,
1342 746 1382 785 &
1402 744 1611 789 humanam
1639 744 1804 787 alteram
1823 742 2011 789 asserebat
2041 772 2051 782 .
2088 742 2170 784 Ad.

1151 793 1246 835 dens
1278 796 1444 838 Mariam
1481 797 1678 846 Virginem
1707 795 1927 838 nullatenus
1963 795 2167 837 dicendam

1151 847 1338 900 Deiparam
1349 854 1488 894 82070‘1‘27,
1507 862 1552 888 ac
1570 848 1664 893 DEI
1690 847 1858 888 Matrem
1878 874 1893 895 ,
1922 845 1982 888 sed
2011 845 2166 889 tantum

1152 898 1363 947 Christneo
1378 900 1485 951 qnod
1495 900 1704 939 humanam
1715 903 1792 946 ejus
1803 900 1994 944 duntaxat
2003 895 2169 950 persona

1150 954 1326 1005 genuerit
1351 967 1438 996 cum
1457 965 1596 994 natura
1628 950 1799 992 humana
1818 951 2038 993 humanitus
2060 948 2172 991 subfi-

1151 1003 1274 1044 stente
1293 1006 1333 1045 &
1358 1004 1578 1052 completa.
1604 1000 1667 1044 Ad
1680 1003 1756 1044 hoc
1767 1003 2078 1055 restinguendum
2089 1001 2171 1044 nas-

1150 1069 1242 1098 cens
1270 1057 1493 1097 incendium
1523 1055 1756 1104 permultum
1785 1057 1958 1097 contulit
1994 1054 2170 1106 Cyrillus

1151 1107 1438 1149 Alexandrinus
1449 1106 1732 1156 Episcopus‚cu1'
1745 1107 1943 1152 mandavit
1955 1106 2171 1158 Celestinus

1150 1161 1349 1206 Romanus
1360 1161 1600 1208 Pontiieinut
1610 1162 1764 1201 Vicaria
1773 1160 1961 1208 potestate
1970 1163 2009 1200 in
2021 1156 2174 1200 causam

1150 1213 1568 1264 Nestoriiinquireret,
1596 1226 1784 1263 eumque,
1813 1211 1837 1253 fi
1856 1211 1936 1253 fieri
1955 1211 2075 1261 posset
2085 1237 2096 1256 ,
2123 1211 2173 1254 ad

1151 1265 1393 1316 palinodiam
1421 1265 1589 1315 adigeret
1611 1290 1625 1312 ,
1659 1266 1707 1305 ad
1735 1278 1854 1315 quam
1882 1276 2034 1307 certum
2063 1263 2175 1305 haere-

1153 1315 1306 1361 fiarchae
1316 1329 1464 1369 tempus
1485 1315 1661 1371 praefixit.
1696 1314 1751 1357 At
1770 1316 1839 1357 illo
1855 1320 1895 1356 in
1924 1319 2173 1357 contumacia

1152 1368 1370 1425 persistente
1395 1394 1411 1418 ,
1440 1384 1489 1411 ne
1513 1370 1665 1420 longius
1693 1367 1836 1408 malum
1864 1367 2022 1411 exitiale
2057 1364 2176 1415 serpe.

1151 1435 1236 1469 ret,
1263 1432 1471 1472 anno431.
1490 1422 1670 1472 Synodus
1679 1422 1922 1463 oecumenica
1935 1417 2071 1468 Ephesi
2086 1433 2176 1458 coa-

1153 1475 1219 1515 &a
1244 1472 1298 1513 est
1324 1473 1583 1516 ducentorum
1609 1470 1887 1526 Episcoporum
1905 1497 1921 1519 ,
1949 1474 2019 1525 qui
2044 1469 2177 1520 perdiu

1153 1525 1360 1577 expeetato
1377 1526 1543 1581 Joannis,
1565 1524 1804 1567 Antiocheni
1824 1522 2003 1577 Episcopi
2023 1548 2038 1571 ς,
2065 1536 2175 1564 caete-

1155 1589 1367 1628 torumque
1386 1580 1454 1627 qui
1482 1579 1517 1618 ei
1535 1575 1716 1621 suberant
1741 1601 1758 1625 ,
1798 1575 2077 1626 Episcoporum
2113 1575 2178 1617 ad.

1156 1643 1298 1676 ventu,
1325 1627 1481 1672 cumisti
1498 1643 1627 1673 moras
1656 1628 1882 1675 traherent,
1910 1626 1986 1670 five
2005 1628 2026 1669 a
2049 1626 2180 1678 Chry-

1154 1680 1289 1732 saphio
1313 1682 1465 1731 Imperii
1492 1683 1676 1732 Primario
1697 1680 1923 1722 administro
1951 1705 1967 1727 ,
2007 1681 2074 1730 qui
2099 1681 2180 1721 Ne-

1154 1733 1274 1775 storio
1286 1731 1609 1781 conjundtiffimus
1618 1746 1701 1774 erat
1711 1757 1726 1780 ,
1755 1731 1980 1779 subornati,
1998 1728 2072 1773 sive
2085 1734 2181 1783 quia

1155 1785 1381 1836 popularem
1400 1782 1506 1829 suum
1520 1798 1767 1835 veteremque
1779 1786 1945 1824 amicum
1955 1786 2079 1823 civem
2097 1781 2180 1824 An.

1154 1837 1381 1880 tiochenum
1401 1837 1586 1882 damnare
1615 1837 1771 1888 pigebat
1788 1860 1803 1883 ³
1831 1835 2015 1886 synodus
2045 1849 2179 1876 tamen

1149 1890 1235 1934 illis
1254 1888 1473 1933 absentibus
1500 1889 1692 1931 inchoata
1706 1887 1758 1929 cst
1771 1917 1780 1927 .
1809 1889 1965 1938 Terque
1979 1890 2105 1928 citato
2118 1903 2182 1928 ne·

1155 1955 1232 1993 que
1257 1954 1510 1990 comparente
1531 1941 1718 1994 Nestorio
1743 1965 1759 1988 ,
1788 1952 1908 1990 atque
1936 1939 2182 1987 probationi-

1155 1994 1225 2035 bus
1241 1993 1420 2036 accurate
1445 1991 1609 2039 discuffis
1637 2019 1653 2041 ς,
1682 1991 1882 2038 Nestorius
1913 1991 2119 2032 damnatus
2142 1995 2181 2032 δε

1155 2043 1390 2100 Episcopatu
1400 2045 1567 2094 alciatus
1593 2046 1668 2089 est.
1695 2047 1767 2087 His
1784 2044 2050 2093 riteperadtis,
2069 2043 2176 2097 quafi

1154 2112 1203 2140 ex
1229 2097 1418 2140 condieto
1433 2097 1610 2154 Joannes
1640 2112 1728 2139 cum
1755 2094 1855 2144 suis,
1885 2099 1985 2137 inter
2012 2110 2114 2148 quos
2142 2111 2178 2136 e-

1154 2150 1328 2194 minebat
1351 2149 1614 2192 ‘theodoritus
1641 2152 1739 2201 Cyri
1765 2147 1976 2199 Episcopus
1999 2174 2014 2196 ,
2052 2151 2177 2198 Ephe-

1155 2199 1236 2245 sum
1246 2202 1683 2254 ingrediturnec,tamen
1700 2199 1734 2242 se
1746 2199 1858 2245 sacrae
1876 2201 2040 2250 synodo
2049 2202 2184 2250 adjun-

1157 2258 1240 2301 xit,
1269 2254 1331 2295 sed
1349 2257 1582 2304 quiritantcs
1594 2252 1811 2296 fibifadtam
1840 2256 2019 2300 injuriam
2041 2267 2178 2296 omnes

1155 2305 1214 2348 isti
1231 2307 1481 2354 Orientales‚
1509 2306 1724 2350 damnabili
1742 2304 1947 2353 exemplo,
1976 2304 2058 2345 alio
2086 2304 2180 2346 loco

1155 2355 1263 2399 fimUl
1284 2372 1529 2404 convenere,
1556 2371 1598 2398 ut
1624 2357 1883 2401 ducentoruln
1907 2357 2064 2398 Patrum
2083 2360 2125 2397 ll}
2139 2371 2178 2397 te
2239 2395 2242 2399 ,

1154 2413 1259 2453 tanti
1287 2411 1478 2451 momenti
1506 2409 1711 2459 synodum
1738 2408 2021 2455 rescinderent,
2050 2407 2178 2460 ficque

1155 2460 1372 2505 universam
1392 2460 1607 2504 Ecclesiam
1635 2461 1907 2510 perturbarent
1936 2485 1950 2508 ς,
1989 2459 2183 2513 fidemque

1155 2512 1321 2556 simulac
1354 2514 1582 2563 religionem
1610 2511 1922 2560 confunderent,
1951 2526 1993 2552 ur
2011 2511 2179 2554 hominis

1154 2565 1388 2607 damnabilis
1400 2590 1413 2610 ,
1423 2568 1463 2605 &
1474 2563 1727 2605 haerefiarchae
1738 2568 1904 2615 gratiam
1917 2568 2085 2613 inirent,
2111 2564 2184 2604 hae-

1155 2616 1315 2671 resisque
1339 2615 1457 2660 latius
1477 2630 1783 2668 propagaretur,
1801 2614 1997 2668 magisque
2020 2617 2180 2667 posthac

1151 2667 1399 2712 insolesceret
1411 2698 1420 2708 .
1438 2671 1528 2710 Haec
1541 2674 1645 2709 enim
1662 2667 1905 2713 consectaria
1914 2669 1985 2712 effe
2004 2682 2053 2710 ex
2076 2668 2184 2709 mali-

1151 2735 1232 2774 gno
1243 2722 1313 2763 isto
1330 2720 1467 2763 secessu
1480 2735 1595 2763 nemo
1605 2736 1687 2761 non
1702 2720 1858 2762 videbat
1869 2750 1878 2759 .
1894 2722 1972 2761 istis
1984 2719 2182 2770 Episcopis

1150 2777 1328 2819 comites>
1339 2787 1439 2828 quos
1447 2771 1707 2823 Chrysaphius
1718 2776 1757 2814 in
1769 2775 1934 2824 gratiam
1944 2773 2114 2818 Nestorii
2125 2768 2181 2812 su-

1154 2826 1418 2874 bornaverat,
1441 2826 1710 2868 Candidianus
1723 2828 1762 2869 &
1772 2828 1938 2866 Irenaeus
1948 2822 2183 2865 Nestoi-iana

1148 2878 1212 2920 lue
1223 2877 1355 2921 infesti
1370 2876 1406 2920 se
1423 2878 1662 2928 adiungunt,
1680 2877 1730 2918 ad
1742 2877 1956 2927 legitimam
1977 2877 2183 2926 synodum

1147 2930 1602 2980 evertendam,omnique
1613 2929 1707 2970 dolo
1716 2931 1756 2969 &
1765 2926 2012 2977 perversitate
2021 2928 2070 2974 ad
2081 2928 2182 2970 dete-

1149 2983 1323 3024 stabilem
1343 2981 1446 3023 hunc
1475 2980 1591 3022 finem
1616 2979 1843 3031 conspirant
1862 3006 1871 3016 ·
1911 2983 2038 3024 Prima
2068 2979 2180 3029 huius

1149 3038 1295 3085 exiguae
1313 3032 1636 3086 schifinaticaeque
1645 3034 1791 3084 Synodi
1804 3033 1893 3077 asta
1901 3035 2081 3081 protinus
2101 3045 2181 3075 oin-

1153 3101 1241 3129 nem
1259 3086 1462 3128 audaciam
1480 3085 1763 3127 &violentiam
1774 3085 1944 3133 produnt
1962 3115 1972 3124 .
1999 3083 2105 3127 Aeta
2125 3083 2184 3125 sa-

1145 3135 1378 3188 crosanstejs
1410 3139 1502 3179 nodi
1511 3149 1698 3178 revocant
1705 3137 1895 3180 damnant
1904 3134 2184 3184 &rescindunn

1150 3204 1278 3241 neque
1307 3181 1346 3235 id
1380 3193 1474 3236 ati53
1502 3194 1740 3238 percomites
1770 3193 1872 3234 enim
1883 3187 1969 3235 suos
1995 3189 2184 3238 praesidem

1151 3243 1329 3284 Concilii
1356 3242 1559 3294 Cyrillum
1587 3242 1640 3282 Le
1668 3255 1783 3283 atum
1813 3240 2082 3291 Apostolicum
2099 3265 2115 3291 ι,
2143 3246 2184 3284 &

1150 3291 1326 3346 secundae
1352 3292 1447 3337 sedis
1477 3296 1648 3340 Patriarc
1679 3293 1774 3334 ama
1805 3291 2036 3337 satellitibus
2056 3306 2183 3345 appre-

1152 3343 1314 3388 hensum
1346 3349 1388 3388 in
1415 3353 1608 3389 carcerem
1628 3345 1792 3388 trudunt
1820 3369 1835 3393 ‚
1872 3345 2117 3397 eundemque
2144 3348 2185 3387 &

1152 3399 1410 3441 Memnonem
1421 3395 1557 3447 Ephesi
1568 3395 1792 3441 Antistitem
1814 3394 2182 3449 Episcopatibussde-

1156 3463 1335 3502 ponunt.-
1362 3450 1601 3499 prohibent,
1630 3463 1678 3490 ne
1691 3447 1895 3503 quisquam
1910 3463 1998 3496 cum
2008 3450 2185 3498 ducentis'

1162 3505 1427 3544 communicet
1457 3501 1580 3544 verbis
1607 3504 1702 3553 ‚vivae
1731 3505 1839 3543 vocis
1873 3526 1891 3552 2
1928 3515 1998 3543 aut
2020 3502 2146 3594 sistitis
2171 3517 2186 3548 ς

1956 3568 2018 3603 cpi
2050 3567 2075 3593 ο
2094 3567 2136 3595 as
