2430 3958
229 186 613 323 ...epistosafdmnes
638 259 688 302 ad
715 258 905 301 ducentos
932 254 1294 308 undecunque'scri-

279 337 388 376 aas,
416 331 484 364 aut
494 316 515 358 a
524 315 699 356 ducentis
713 307 904 360 profectas
913 311 1164 367 intercipiunt
1177 337 1188 348 .
1198 310 1295 352 Coe-

280 375 343 418 tus
365 369 456 414 vero
483 366 703 417 illegitimus
732 360 920 415 simulque
956 360 1224 403 candidianus
1251 363 1292 402 &

281 430 444 472 Irenaeus
470 419 604 459 literas
629 411 1224 462 scribuntConstantinopolim,
1251 427 1292 452 a-

278 479 410 527 lioque
438 465 745 523 quaquaversum
766 464 975 508 falsitatum
1008 462 1052 505 ὀί
1078 464 1291 507 calumnia-

280 543 361 574 tum
388 524 519 575 plenas
546 547 561 570 ,
589 516 793 570 praesertim
819 519 871 560 ad
905 521 1179 569 Imperatorem
1205 513 1293 565 ejus.

279 594 353 634 que
379 576 527 619 au’licos
554 572 772 622 scriptitant
782 571 989 616 mendaciis
1008 568 1192 626 refertas,
1211 571 1294 620 qui-

278 634 348 678 bus
365 642 500 671 eorum
522 628 639 667 animi
658 627 780 674 magis
798 624 919 665 indies
944 626 1214 672 exasperentur
1231 650 1241 660 .

330 685 389 724 18.
414 681 478 722 Isti
496 679 650 721 tandem
667 674 752 722 doli
772 678 812 716 in
824 689 998 724 apertum
1011 673 1202 724 prodiere.
1228 675 1295 713 Sa-

273 749 344 776 era
367 736 474 776 enim
500 731 755 772 ducentorum
784 725 950 779 synodus
979 727 1174 766 hominem
1205 722 1295 767 fide.

279 788 357 830 lem
385 786 522 834 reperit
540 807 556 831 ‚
593 782 663 832 qui
688 779 876 822 militibus
904 775 1214 821 observatoribus
1239 781 1295 818 in-

278 837 361 882 sciis
389 834 537 888 Synodi
563 833 742 883 legitimae
752 831 883 874 literas
900 831 1066 873 mendici
1088 829 1223 871 habitu
1234 844 1298 870 oc-

280 891 386 935 culte
407 913 424 936 ³
460 883 600 937 easque
621 884 808 927 arundine
835 882 998 925 inclusas
1015 881 1296 926 Constantino·

283 941 404 992 polim
423 939 563 980 detulit
587 956 608 985 a*
629 939 760 988 reique
778 934 975 987 perspecta
985 938 1146 976 veritate
1170 959 1186 981 ³
1220 948 1296 974 me·

283 995 414 1036 diante
442 989 644 1033 Pulcheria
670 991 916 1037 Imperatoris
933 986 1060 1029 sorore
1094 1012 1107 1033 ,
1134 986 1295 1035 pruden-

280 1044 460 1089 tiffima&
479 1039 743 1094 religiosissima
758 1043 903 1092 virgine
916 1043 1177 1088 ‚Imperator,
1206 1052 1296 1090 que·

275 1110 431 1150 cunque
459 1098 655 1146 utrimque
681 1094 784 1146 gesta
809 1106 946 1141 erant,
972 1089 1122 1136 rescivit
1141 1115 1158 1139 ς
1186 1092 1296 1133 Can-

276 1150 463 1197 didiano,
491 1149 719 1198 Irenaeoque
744 1149 884 1187 acriter
911 1140 1122 1186 succensuit
1148 1168 1165 1192 9
1191 1142 1295 1194 gesta

277 1200 520 1248 Antiocheni
546 1213 636 1241 cum
667 1196 1015 1240 suisOrientalibus
1042 1194 1294 1246 reprobavit,

276 1266 511 1305 omnemque
540 1265 660 1302 quam
686 1263 841 1300 poterat
861 1276 876 1296 ,
912 1249 1091 1300 legitimae
1128 1247 1293 1298 synodo

275 1306 442 1359 praestitit
470 1305 769 1347 aud'coritatems
798 1301 1018 1350 Nestorium
1037 1297 1118 1349 ejus
1143 1299 1293 1341 uevhae-

274 1357 383 1401 resim
410 1356 478 1398 suo
489 1353 869 1406 proscripsitedidim,
897 1351 1094 1404 ipsumque
1132 1352 1199 1397 ede
1213 1350 1295 1401 pul-

274 1410 355 1453 sum
382 1413 422 1450 in
433 1410 707 1449 monasterium
724 1405 1041 1453 Antiochenum,
1069 1404 1171 1446 unde
1185 1406 1284 1444 exie.

275 1476 338 1507 rat
354 1489 370 1511 9
399 1462 582 1513 relegavit
609 1490 618 1499 .
654 1461 758 1516 Quia
784 1459 876 1499 veto
897 1457 1040 1498 multos
1067 1458 1119 1498 ibi
1150 1453 1293 1497 haerefis

273 1513 346 1557 suae
370 1528 491 1557 conta
520 1515 559 1553 io
585 1511 843 1562 pervertebat.
870 1513 913 1550 in
925 1509 1044 1551 Oasin
1073 1509 1208 1551 deinde
1230 1522 1293 1549 ex-

274 1569 422 1616 portari
436 1527 550 1615 jungit.-
577 1577 658 1615 quo
681 1564 773 1604 loco
785 1562 875 1603 tabe
901 1561 1132 1609 confectus,
1160 1575 1293 1602 corro-

272 1617 392 1674 saque
418 1618 440 1659 ὲ
468 1618 655 1658 vermibus
682 1614 870 1657 maledica.
894 1614 1028 1665 lingua
1045 1638 1061 1662 2
1087 1611 1293 1656 miserrime

274 1673 424 1714 interiit
442 1683 551 1710 anno
563 1676 652 1719 436.

325 1737 373 1770 19.
385 1724 431 1763 In
450 1721 583 1762 Gallia
600 1721 789 1768 Leporius
799 1720 955 1772 quidam
966 1718 1178 1761 monachus
1188 1718 1292 1759 Pres-

274 1777 389 1827 bytet
415 1772 541 1816 faetus
559 1776 599 1813 in
619 1772 764 1823 Pelagii
787 1770 911 1821 lapsus
934 1771 986 1813 est
1013 1771 1202 1826 haeresimg,
1229 1770 1292 1811 cui

274 1829 439 1870 alteram
457 1826 631 1874 adjunxit
650 1825 697 1864 de
724 1824 870 1865 duabus
884 1827 925 1864 in
939 1823 1095 1864 Christo
1107 1826 1292 1873 perionis,

274 1879 433 1932 qualem
455 1875 585 1928 postea
612 1875 814 1917 Nestorius
843 1877 1293 1925 accepit&praedicavit.

276 1932 350 1978 Ille
379 1934 513 1982 itaque
541 1929 780 1970 Nestorianae
796 1927 959 1976 praelusit
981 1927 1107 1970 haetesi
1134 1954 1149 1977 2
1187 1941 1230 1969 ut
1249 1931 1291 1968 in

272 1986 447 2033 Leporio
474 1979 588 2022 refert
599 1981 843 2031 Gennadius.
870 1979 944 2021 Sed
972 1994 1013 2021 ut
1026 1981 1127 2023 idem
1154 1979 1292 2027 addin,

273 2036 298 2079 ὲ
325 2035 544 2078 Gallicanis
563 2033 804 2074 Doctoribus
824 2033 1047 2074 admonitus
1083 2058 1099 2082 3
1135 2036 1177 2074 &
1196 2031 1294 2081 post-

275 2103 394 2141 quam
422 2091 462 2127 in
492 2083 661 2126 Africam
688 2083 919 2132 tranimifit,
947 2082 996 2125 ab
1015 2084 1232 2137 Augustino
1259 2100 1295 2129 e·

273 2141 504 2186 mendatis,
532 2141 591 2178 ita
617 2137 668 2177 ab
697 2150 865 2188 utroque
891 2152 1022 2178 errore
1045 2136 1223 2186 resipuit,
1254 2150 1294 2179 ut

273 2190 439 2242 dispersis
466 2191 609 2243 ubique
627 2189 770 2230 libellis
797 2214 813 2236 a
842 2191 997 2230 veniam
1025 2189 1167 2240 ubique
1195 2202 1296 2240 pete-

272 2259 330 2288 ret
355 2270 370 2292 ³
398 2245 633 2294 suorumque
661 2244 932 2290 poenitentiam
957 2255 1129 2284 errorum
1156 2240 1297 2283 stabili·

273 2311 333 2339 tet
361 2293 620 2336 manifestaret
640 2322 650 2332 .
678 2293 851 2343 Ejusdem
870 2305 1029 2344 quoque
1055 2297 1295 2334 mentionem

274 2352 395 2396 injicit
422 2344 623 2389 Caffianus
642 2345 708 2385 lib.
724 2350 808 2388 L&
824 2358 860 2396 7.
869 2346 915 2385 de
933 2348 1113 2385 incarna.
1143 2345 1260 2387 Verbi
1282 2372 1294 2382 .

274 2404 480 2449 Dirempta
497 2396 669 2440 feliciore
696 2411 815 2448 quam
834 2409 984 2447 ceperat
998 2394 1160 2437 successu
1171 2399 1295 2447 Syno-

274 2454 327 2495 do
339 2450 552 2502 Ephesius,
581 2464 662 2489 non
675 2449 802 2490 statim
824 2449 1014 2497 dirempta
1023 2447 1295 2498 estEpiscopo-

276 2520 362 2546 rum
391 2503 559 2544 simultas
570 2515 703 2542 eorum
723 2529 735 2545 ,
763 2504 830 2552 qui
842 2503 882 2541 in
895 2500 1091 2550 legitima,
1119 2504 1294 2552 &quiin

274 2555 370 2599 salsa
388 2555 551 2606 Synodo
571 2551 826 2595 consederant
843 2581 852 2591 .
881 2553 1028 2593 Graves
1043 2555 1148 2594 enim
1176 2551 1297 2594 offen-

277 2607 322 2650 sae
341 2620 503 2658 utraque
530 2619 578 2646 ex
596 2618 706 2653 parte
734 2603 1050 2645 obtendebantur
1069 2634 1078 2644 .
1109 2605 1185 2647 Sed
1212 2620 1297 2647 tan-

277 2662 364 2703 dem
382 2656 591 2702 Theodosii
607 2656 732 2699 studio
748 2682 763 2704 ,
792 2660 831 2696 δε
858 2656 1073 2697 admirandi
1101 2659 1295 2699 Simeonis

275 2712 430 2809 fstylitae
463 2713 682 2752 interventu
725 2707 867 2751 dissidia
904 2711 1057 2751 omnia.
1081 2709 1296 2758 compofita

294 2779 402 2807 uere.

327 2833 386 2858 20.
412 2817 501 2873 Jam
515 2815 610 2856 vero
628 2815 676 2856 ad
692 2817 844 2857 tertiam
871 2839 887 2863 2
915 2827 1031 2866 quam
1058 2812 1166 2863 supra
1192 2830 1296 2855 com-

280 2872 488 2911 memoravi
511 2894 527 2917 ³
563 2866 729 2908 haerefim
765 2867 1085 2917 progrediendum
1114 2867 1166 2907 est
1183 2896 1193 2906 .
1223 2869 1295 2909 Eu-

280 2921 412 2971 tyches
431 2920 759 2972 archimandrita2
787 2919 826 2960 id
845 2918 898 2960 est
927 2918 1055 2960 Abbas
1069 2918 1298 2961 Constanti.

280 2973 504 3023 nopolit'ani
521 2968 714 3021 cujusdam
741 2972 963 3012 monasterii
983 2995 997 3018 ς.
1027 2985 1172 3013 novum
1199 2987 1296 3012 con-

280 3027 389 3069 flavit
406 3026 545 3076 dogma
556 3050 571 3073 2
600 3038 716 3065 omne
727 3036 959 3075 naturarum
969 3025 1006 3063 in
1018 3023 1174 3066 Christo
1188 3038 1295 3064 amo-

282 3091 372 3118 vens
399 3075 619 3119 discrimen:
645 3074 707 3117 sed
735 3088 938 3127 utramque
951 3078 990 3115 in
1002 3089 1117 3116 unam
1131 3077 1295 3117 consun-

285 3126 374 3170 dens
386 3130 568 3171 Divinam
577 3154 593 3176 a
628 3126 650 3169 ὲ
660 3142 738 3179 qua
749 3128 940 3180 quidquid
953 3131 994 3168 in
1013 3128 1169 3168 Christo
1180 3143 1294 3178 appa-

285 3179 392 3220 rebat
427 3181 634 3222 humanum
664 3179 944 3221 absorbebatur
971 3194 1016 3220 ac
1055 3179 1292 3229 disperdeba-

287 3241 350 3269 tur
392 3248 401 3268 e
458 3234 577 3275 unde,
602 3231 914 3284 consequebatur
949 3256 964 3278 ‚
1009 3233 1069 3273 vel
1114 3233 1282 3274 divinam

286 3294 465 3340 naturam
491 3282 560 3324 esse
587 3286 627 3324 in
653 3282 1065 3334 seipsamutationibus
1085 3287 1126 3326 δι
1152 3284 1284 3326 huma.

285 3345 344 3372 nis
373 3332 659 3380 perpeffionibus
703 3340 898 3387 mortique
929 3335 1141 3378 obnoxiam
1169 3363 1184 3385 ³
1222 3338 1288 3379 vel

286 3397 371 3435 quae
384 3397 454 3432 pro
477 3384 603 3424 nostra
613 3387 873 3436 redemptione
886 3385 1008 3436 passus
1021 3390 1158 3431 dicitur
1171 3389 1287 3432 Chri-

285 3436 359 3476 stus
373 3449 506 3494 ‚mera
515 3433 585 3475 esse
604 3451 823 3480 commenta
841 3444 881 3480 &
903 3439 1086 3482 ludibria.
1102 3443 1287 3494 Cumque

291 3487 498 3529 Flavianus
535 3487 898 3539 Constantinopolis
942 3491 1175 3543 Episcopus,
1216 3497 1284 3546 qui

288 3539 433 3586 Proclo
468 3536 686 3580 successerat
725 3566 741 3588 a
778 3545 979 3594 Synodum
1012 3543 1283 3596 Episcoporum

730 139 1051 226 Notitiae⁴
1076 140 1603 224 Ecclefiasticae
1627 141 1876 221 Saeculi
1893 141 1986 223 V.

1337 253 1688 304 Constantinopoli
1709 254 1881 298 haberet
1913 281 1930 306 9
1969 255 2151 301 Eusebius
2177 259 2353 314 Dorylaei

1338 306 1545 359 Episcopus
1556 305 1816 354 Eutychetem
1836 310 1979 357 judicio
1988 309 2134 353 haeresis
2145 313 2357 362 postulavit
2420 347 2430 361 η

1338 359 1439 414 apud
1458 358 1792 419 Synodum-‚qua
1818 376 1859 403 re
1867 363 2036 413 penitius
2062 365 2268 415 explorata
2283 369 2361 411 Eu‘v
2390 387 2395 391 ·

1340 411 1486 465 tycheti
1513 410 1612 452 diem
1630 411 1723 467 dicit
1737 436 1755 459 ³
1782 426 1827 455 ut
1851 429 1985 456 coram
2011 413 2048 458 se
2066 415 2187 458 sistat.
2217 419 2293 460 Iste
2311 419 2360 461 de

1339 463 1478 506 morbo
1516 466 1812 512 excusationem
1839 470 2014 514 praetexit
2052 493 2067 516 a
2106 468 2169 510 sed
2205 470 2363 516 demum

1339 516 1423 567 post
1448 518 1604 557 tertium
1632 515 1833 558 citationis
1842 519 2012 561 edietum
2029 522 2235 572 Synodum
2245 516 2330 564 adit
2345 547 2362 571 2

1336 566 1662 611 turbulentissimis
1690 569 1897 614 monachis
1932 595 1949 620 ς
1986 575 2026 614 &
2049 574 2214 616 militum
2239 590 2360 616 manu

1336 621 1493 670 stipatus
1512 644 1529 668 ³
1563 633 1666 672 quos
1694 620 1964 671 chrysaphius
1982 624 2174 667 Flaviano
2212 630 2360 676 iampri„

1335 673 1426 714 dem
1443 670 1609 716 infensus
1631 673 1865 723 praebuerat.
1893 676 1966 715 His
1985 679 2157 718 munitus
2185 677 2363 726 praesidiis

1337 723 1672 775 Eutychescoram
1682 725 1846 777 Synodo
1872 723 2145 770 sensumsuum
2171 731 2220 773 de
2247 744 2358 777 natu·

1337 790 1465 818 rarum
1480 780 1521 818 in
1539 777 1700 820 Christo
1721 781 2005 820 commixtione
2022 780 2214 824 audenter
2222 797 2367 834 proptu-

1336 842 1432 882 guat
1452 843 1589 876 coram
1617 830 1824 879 Patribus,
1851 828 1874 872 εὶ
1900 831 2045 883 quibus
2061 830 2177 875 refert
2204 836 2385 878 damna-¹

1337 883 1457 924 tionis
1482 880 1711 924 sententiam
1739 898 1850 924 anno
1867 886 1957 934 448.
1968 883 2041 925 Ille
2067 891 2273 934 praevenire
2293 903 2364 930 vo-
2394 921 2400 926 .

1336 935 1421 975 lens
1441 934 1583 977 Leonis
1610 935 1779 983 Romani
1794 934 1997 977 Pontificis
2013 940 2189 984 animum
2203 963 2223 988 ς
2247 938 2368 990 scrip-

1337 984 1383 1027 fit
1399 986 1450 1027 ad
1474 1000 1562 1027 eum
1583 987 1792 1036 permultas
1817 991 2080 1040 querimonias
2097 1014 2114 1038 2
2148 992 2368 1039 &menda-

1337 1042 1424 1086 cia,
1453 1036 1649 1082 insinuans
1669 1039 1706 1081 se
1724 1041 1896 1083 Nicaenae
1907 1038 1994 1084 fidei
2013 1039 2250 1093 assertorem„
2262 1040 2364 1095 inju-

1333 1091 1391 1136 ste
1417 1091 1638 1135 damnatum
1668 1091 1719 1133 ab
1750 1091 2029 1143 Episcoporum
2055 1108 2146 1136 cum
2172 1095 2361 1144 Nestorio

1336 1141 1583 1185 sentientium
1593 1141 1788 1194 factione,
1818 1145 2026 1188 Christum
2043 1145 2292 1196 personarum
2310 1149 2365 1191 di.

1336 1193 1514 1237 versitate
1538 1195 1819 1246 dividentium,
1849 1195 1964 1251 seque
1991 1197 2264 1250 adsupremam
2284 1201 2370 1245 Ra-

1336 1262 1494 1290 manam
1506 1245 1634 1294 sedem*
1646 1263 1892 1299 provocante
1919 1253 2127 1300 rejeQm,
2152 1252 2255 1296 nihil
2275 1267 2373 1302 prae.

1336 1314 1397 1342 ter
1423 1300 1557 1342 odium
1583 1301 1798 1353 &ludibria
1825 1301 1992 1346 retulisse
2012 1333 2022 1344 .
2050 1305 2115 1346 De
2134 1303 2195 1346 his
2222 1303 2367 1365 scripsit

1336 1353 1386 1394 ad
1410 1353 1640 1395 Flavianum
1651 1354 1762 1403 Leo„
1789 1356 1810 1396 ὲ
1837 1369 1921 1408 quo
1950 1359 2003 1397 rei
2017 1359 2138 1399 totius
2160 1360 2324 1401 veritate
2368 1403 2369 1407 ,

1335 1405 1540 1447 addidicit.
1565 1406 1763 1449 Interhaec
1778 1406 1992 1450 Dioscorus
2003 1406 2254 1455 Alexandriae
2279 1423 2332 1460 po

1335 1455 1560 1503 defunctum
1571 1459 1769 1511 Cyrillum
1782 1459 2010 1510 Episcopus,
2029 1458 2219 1512 simulque
2231 1460 2368 1514 Chty⁴

1326 1508 1488 1562 saphius
1513 1510 1726 1553 Theodosii
1754 1512 1990 1554 &Eudoxiae
2004 1511 2184 1565 Augustae
2210 1517 2369 1557 animos

1335 1562 1481 1608 iniustis
1508 1561 1689 1605 adversus
1717 1564 1946 1608 Flavianum
1971 1565 2140 1618 querelis
2173 1578 2368 1615 praeoccu.

1334 1629 1456 1665 pant,
1485 1627 1645 1666 remque
1669 1614 1898 1664 persuadent
1926 1617 1976 1660 ad
1986 1621 2275 1660 oecumenicam
2291 1620 2368 1672 Sy·

1335 1667 1485 1709 nodum
1503 1664 1768 1724 referendam,
1795 1673 1839 1712 in
1862 1683 1945 1722 qua
1971 1669 2182 1712 Flavianus
2211 1686 2296 1713 non
2313 1675 2370 1720 iu-

1336 1720 1427 1763 dicis
1446 1718 1684 1771 sed-tantum
1700 1723 1755 1762 rei
1782 1719 1988 1770 personam
2014 1720 2196 1766 sustineat
2231 1753 2242 1764 .
2279 1727 2372 1767 Hos

1334 1786 1419 1813 rum
1455 1773 1496 1812 &
1522 1772 1709 1813 Eudoxiae
1735 1770 1910 1815 suasione
1926 1773 2372 1830 Theodosiusfieperale

1336 1823 1567 1869 Concilium
1601 1823 1740 1874 Ephesi
1776 1825 2051 1868 celebrandum
2080 1826 2214 1876 indicit
2250 1853 2268 1877 5
2290 1831 2374 1878 sscuvi

1336 1875 1548 1919 Dioscorus
1569 1874 1646 1926 ipse
1666 1876 1879 1926 praefideat.
1906 1881 2000 1921 Haec
2020 1877 2074 1920 est
2083 1880 2378 1930 Synodusilla2‘

1337 1942 1455 1980 quarn
1474 1929 1610 1987 &cvm-4»
1629 1930 1757 1970 Graeci
1777 1954 1794 1977 2
1821 1930 1899 1971 hoc
1926 1931 1980 1972 est
1997 1957 2012 1979 ς,
2039 1931 2274 1979 latrocinalem
2299 1939 2372 1981 vqs.

1336 1993 1454 2022 cant.-
1481 1994 1521 2019 in
1537 1992 1615 2031 qua
1644 1984 1782 2021 omnia
1847 1995 1866 2022 r
1891 1981 2008 2023 dolos
2019 1988 2284 2035 perquevima
2353 2008 2397 2035 -‚

1338 2046 1421 2087 tam
1441 2034 1481 2074 &
1507 2031 1715 2073 militarem
1740 2045 1787 2084 ge
1816 2046 1841 2075 a
1857 2030 1945 2074 sunt
1966 2034 2165 2078 Dioscoro
2191 2052 2267 2088 prae
2282 2038 2371 2081 ide.

1338 2087 1413 2126 Hic
1422 2087 1599 2133 protinus
1617 2086 1911 2134 communioni,
1940 2084 2182 2139 pristinaeque
2201 2091 2374 2143 dignita-

1338 2140 1368 2177 ti
1387 2135 1581 2179 restitutus
1606 2134 1660 2177 est
1676 2136 1871 2188 Eutyches
1891 2138 2191 2189 indietacausa‚
2218 2144 2374 2190 Flavias-

1340 2186 1488 2241 nusque
1507 2188 1601 2231 =sede
1623 2185 1690 2230 sua
1724 2188 1939 2237 depositus,
1966 2190 2117 2241 ejusque
2136 2192 2231 2233 loco
2259 2191 2374 2238 suffe..

1339 2241 1422 2283 <stus
1436 2240 1491 2282 est
1519 2238 1731 2287 Anatolius
1760 2239 1944 2282 Dioscori
1970 2243 2074 2291 apud
2101 2242 2366 2297 Theodosium

1339 2291 1602 2342 apocrisiarius
1626 2320 1638 2332 .
1674 2291 1941 2334 Theodoritus
1975 2295 2078 2346 Cyri
2118 2295 2367 2348 Episcopus,

1339 2348 1380 2387 δι
1421 2346 1604 2386 Domnus
1648 2342 1926 2388 Antiochenus
1953 2346 2080 2397 gradu
2097 2352 2198 2390 moti
2217 2347 2315 2395 sunt.
2337 2374 2371 2400 φ,

2424 2198 2427 2203 -
2412 2051 2430 2189 amasias.
2413 1624 2430 2044 is-'Tkffl-r-„z—
2427 1594 2430 1599 r
2428 1579 2430 1582 r
2427 1555 2430 1558 .
2426 1498 2430 1508 ..

1339 2413 1385 2439 ac
1425 2400 1467 2437 in
1510 2396 1688 2438 ordinem
1705 2398 1879 2439 redacti.
1904 2399 2112 2441 Flavianus
2139 2401 2230 2443 dum
2258 2403 2365 2447 Lea-
2423 2427 2430 2445 κ

1339 2463 1429 2492 nem
1465 2447 1599 2490 Romae
1627 2446 1857 2501 Episcopum
1877 2451 2077 2501 appellat,
2103 2456 2224 2496 exilio
2257 2456 2360 2501 dam.

1338 2516 1457 2543 natur
1475 2526 1492 2550 3
1531 2503 1571 2542 &
1600 2501 1745 2543 crebris
1773 2502 2071 2552 percussionibus
2115 2507 2308 2560 occiditur
2343 2532 2364 2557 9
2404 2522 2408 2530 ¹

1338 2552 1492 2606 ejusque
1528 2567 1692 2594 vac-uam
1733 2553 1857 2596 sedem
1904 2557 2056 2598 invadit
2102 2557 2316 2602 Anatolius'
2354 2589 2366 2599 .

1341 2607 1420 2648 Leo
1436 2609 1568 2656 Papa,
1597 2605 1656 2646 his
1677 2610 1872 2656 acceptis,
1904 2606 2244 2661 pseudosynodum
2255 2612 2366 2661 dam·

1336 2672 1434 2701 nat:
1460 2671 1578 2710 quem
1605 2656 1761 2699 vicissim
1780 2658 1995 2702 Dioscorus
2011 2661 2291 2706 Alexandriam
2309 2680 2367 2714 re-

1339 2710 1463 2752 versus
1490 2713 1694 2757 temerario
1715 2708 1808 2751 ausu
1836 2717 2073 2762 pronunciat
2097 2721 2363 2761 excommuni-

1338 2776 1492 2804 catum.
1520 2761 1639 2803 Gesta
1660 2761 1741 2803 haec
1760 2761 1846 2804 sunt
1871 2764 2095 2808 Theodosio
2110 2765 2261 2817 juniore
2279 2767 2362 2813 Au·

1338 2814 1448 2905 {usto
1464 2812 1733 2855 consentiente
1760 2816 1809 2856 ab
1827 2816 2063 2868 iniquissimis
2081 2818 2270 2869 sedustofl.
2297 2820 2364 2864 ah·
2400 2861 2401 2865 ,

1354 2880 1447 2909 ente
1464 2865 1594 2908 sorore
1615 2865 1843 2915 Pulcheria,
1864 2882 1956 2929 ‘quae
1977 2870 2212 2922 Chrysaphii
2233 2875 2366 2924 Eunu·
2399 2903 2404 2908 -

1338 2919 1402 2961 chi
1418 2938 1438 2969 ς
1463 2918 1651 2979 Ειιᾶοξζίεε
1669 2923 1924 2969 imperatricis
1940 2922 2041 2964 dolis
2058 2923 2222 2972 in-suum
2247 2938 2366 2979 gynae

1338 2986 1449 3013 ceum
1463 2972 1514 3013 ad
1531 2984 1723 3019 privatam
1746 2971 1888 3014 sortem
1899 2975 2054 3015 redacta
2070 3001 2086 3024 9
2114 2972 2169 3018 Im

1332 3285 1559 3332 Pulcheria‚
1587 3298 1706 3335 quam
1725 3286 1794 3325 illa
1812 3286 2042 3329 conditione
2061 3295 2267 3345 conjugem
2288 3296 2364 3338 ob..

1331 3340 1524 3384 tinuerat‚
1555 3350 1597 3377 ut
1624 3338 1800 3386 intaeta,
1833 3350 1952 3393 quam
1976 3340 2044 3381 illa
2055 3343 2145 3384 Deo
2162 3347 2362 3397 voverat,

1330 3440 1399 3502 illa
1434 3444 1635 3492 Imperium
1665 3441 1963 3502 dotale-recepit
1993 3471 2004 3482 ,
2029 3447 2161 3495 spado
2189 3450 2359 3501 Chrysa,
2400 3456 2401 3459 ’

1331 3494 1440 3543 phius
1467 3510 1497 3532 ni
1507 3494 1678 3534 ultorum
1698 3507 1902 3535 criminum
1930 3511 2014 3539 reus
2027 3499 2237 3545 Pulcheriae
2263 3502 2357 3552 jussu

1339 3560 1555 3598 peremptus
1565 3545 1618 3588 est
1629 3575 1639 3586 .
2265 3578 2267 3581 .

2159 3622 2180 3650 2
2189 3621 2220 3649 1.
2231 3607 2311 3660 Sub

2223 2983 2269 3020 rii
2297 2981 2365 3024 ad‘
2399 3009 2403 3021 ι

1339 3023 1621 3069 ministratione
1647 3021 1829 3066 cesserat.
1855 3028 2122 3070 Veruntamen
2149 3044 2170 3070 a
2190 3032 2364 3083 iquanto
2406 3047 2430 3072 ⁴,

1338 3077 1423 3126 post
1442 3073 1679 3121 Theodosius
1703 3076 1949 3129 objurgatam
1969 3080 2189 3123 Eudoxiam
2206 3084 2363 3139 Jeroio-
2424 3087 2430 3112 ’-

1338 3131 1483 3179 lymam
1503 3127 1687 3178 relegavit
1714 3153 1730 3176 ³
1765 3129 2086 3183 Pulcheriamque
2104 3137 2143 3175 in
2183 3135 2364 3185 pristinas
2402 3156 2407 3174 -’

1333 3184 1486 3231 Imperii
1508 3195 1617 3221 curas
1645 3185 1844 3222 revocavit
1872 3183 2012 3223 ultimo
2029 3187 2117 3226 vitae
2136 3185 2208 3229 suae
2224 3203 2361 3239 anno,
2424 3197 2430 3201 ”

1333 3237 1398 3284 qui
1411 3232 1483 3274 fuit
1492 3241 1580 3293 450.
1590 3234 1684 3285 Qio
1694 3234 1830 3274 eodem
1843 3235 2068 3277 Marcianus
2077 3237 2170 3281 belli
2181 3241 2260 3283 dux
2269 3256 2360 3285 cum
2419 3231 2426 3259 η’

2392 3295 2421 3373 is

1337 3392 1584 3442 virginitate,
1612 3389 1816 3429 connubio
1838 3393 2078 3435 sociarentur
2094 3420 2109 3443 ³
2138 3395 2246 3439 fimul
2264 3414 2355 3442 cum
2399 3422 2405 3434 2
