2430 3958
84 274 221 309 Bittm,
243 267 301 306 ἷχα
328 280 359 298 η
376 270 613 306 συγκιχυρημὺυ
631 270 655 305 n}
675 266 823 304 λιλυμὶιοι
838 285 852 300 ,,
868 265 957 298 babeo
973 274 1004 298 te
1032 274 1101 296 cim-

83 311 233 345 lonaeeum
252 314 300 344 (T
319 308 504 349 abffilutum:
526 306 578 342 sed
602 306 667 348 ipse
687 305 805 341 fatetur
813 305 977 341 Arcudius
995 314 1101 340 recens

83 355 199 386 natam
208 373 220 390 ,
241 361 300 384 nec
317 349 353 383 in
370 350 444 383 ullo
453 348 601 395 melioris
611 358 698 382 notae
708 347 920 395 Euchologio
927 357 983 382 aut
992 348 1101 394 §acra-

83 391 249 427 mentatio
259 391 340 425 alias
359 401 490 432 reperiri
505 389 606 431 quam
615 391 853 432 deprecatorias
860 389 1080 423 absolutiones
1089 409 1100 425 ,

82 431 120 468 in
137 432 300 468 Conciliis
314 431 517 476 generalibus
534 431 740 466 Lateraneusi
750 455 762 471 ,
778 430 984 476 Lugdunensi
995 453 1005 469 ‚
1023 429 1102 462 Flo-

26 507 30 511 .
81 473 281 516 sentinaque
297 473 509 516 approbatas,
528 472 562 506 in
572 473 688 519 quibus
698 471 915 517 redintegrata
925 471 988 504 suit
1005 469 1101 504 Gne-

85 526 202 550 corum
217 526 293 550 cum
309 514 438 550 Latinis
456 514 605 548 Ecclesiis
615 526 674 556 pax
697 517 732 548 δε
753 514 931 547 concordia
942 525 954 546 .-
973 510 1097 546 tametsi

81 567 209 605 novam
218 557 302 605 hanc
310 556 489 603 formulam
498 579 509 595 ,
522 556 592 597 post
600 556 757 590 ultimum
766 553 899 587 schisma
909 552 1080 600 protusata.
1087 575 1098 591 ,

79 598 564 680 ssggaiil'e‘ss‘fiisss'sissifissss
576 608 660 672 522¹?
669 594 1098 684 fflffifffissssssffiilffil

79 680 188 721 sculo,
198 682 258 716 hac
275 681 427 715 industus
439 681 578 719 ratione,
587 679 664 722 quia
674 679 1098 724 judiciariam-autoritatem

79 723 155 764 plus
163 723 308 756 redolet.
327 721 397 764 Ipse
414 731 525 756 tamen
542 720 662 755 fatetur
677 719 841 766 Arcudius
858 717 914 750 lib.
926 729 947 760 4
967 719 1006 751 de
1016 729 1097 764 eon..

77 763 192 798 cordia
203 763 352 797 Ecclesiae
374 763 590 798 orient-cum
609 761 724 795 Occid.
733 770 801 801 cap.
813 768 842 801 3.
860 758 944 805 hanc
965 758 1097 793 absolu..

81 803 210 838 tionem
219 807 304 846 apud
323 805 460 843 Graecos
476 806 536 838 esse
555 801 771 838 Neotericam
788 810 896 842 paucis
913 799 1063 834 usitatam
1071 824 1094 847 -,

77 855 141 878 nec
151 844 185 878 in
197 845 412 887 Euchologiis
421 845 519 879 toties
529 843 569 878 ab
579 841 719 878 Ecclesia
729 841 884 876 Romana
894 841 1095 884 confirmatis

77 883 231 927 reperiri.
252 886 510 921 Absolutionem
519 885 595 919 vero
611 893 681 917 tam
689 884 775 925 apud
792 891 915 930 yeteres
933 882 1073 930 Latinos
1083 907 1094 923 ,

104 924 183 961 uam
190 929 276 968 apud
288 927 425 962 Graecos
433 951 445 968 ‚
455 937 523 961 non
532 925 589 960 nisi
600 927 859 966 deprecatoriam
869 924 1005 958 extitisse
1014 935 1096 958 con-

53 997 58 1003 .
75 937 211 1002 armant
229 968 409 1008 peritissimi
437 967 603 1010 scriptores
629 966 733 1009 Hugo
750 965 932 1013 Menardus
957 965 1096 1001 Ordinis

76 1008 286 1045 Benedio'tini
305 1021 339 1045 in
359 1009 512 1045 noris-ad
529 1009 767 1043 sacramentale
784 1007 855 1041 Gre
876 1018 981 1041 orian.
1001 1010 1094 1042 Ioan.

36 1068 38 1070 v
73 1048 232 1086 Morinus
243 1048 641 1095 OratoriiDominiJEsii
651 1048 855 1092 Presbyterli
878 1073 885 1081 .
896 1048 968 1083 8.de
984 1049 1095 1083 Poeni-

73 1091 331 1134 tentia‚cap.8.&
339 1091 463 1139 seqq&
471 1090 599 1133 ali1:qui
609 1100 722 1131 praeter
731 1090 895 1124 luculenta
904 1100 1094 1125 caeteromm

74 1131 213 1168 Parrum
228 1133 438 1176 testimonia,
459 1143 532 1175 quae
551 1131 741 1173 proferunt,
758 1131 934 1166 ostendunt
945 1133 1094 1179 Leonem

70 1173 268 1209 Romanum
279 1173 472 1208 Pontificem
481 1197 492 1213 ‚
509 1173 639 1215 quoties
649 1175 688 1207 de
697 1174 930 1207 Sacramentali
947 1185 1095 1208 reconci-

69 1214 213 1249 liatione
222 1214 536 1261 loquiturmonaliis
545 1214 637 1247 rebus
646 1226 719 1248 eam
729 1214 904 1261 attribuere
913 1215 1014 1257 quam
1024 1226 1095 1262 ρω-

68 1255 251 1291 nitentium
268 1254 461 1290 confessioni
481 1279 492 1296 ‚
518 1258 553 1290 &
570 1256 784 1291 Sacerdotum
802 1255 1094 1298 supplicationibus

69 1307 112 1331 ac
125 1296 274 1344 precibus
286 1321 295 1330 .
317 1296 451 1343 Etenim
469 1296 505 1330 in
522 1296 612 1339 epist.
630 1296 681 1344 87:
699 1300 739 1344 ad
750 1297 971 1339 Theodorum
990 1299 1094 1332 Foro-

68 1337 244 1380 iuliensem
268 1338 468 1380 Episcopum
486 1361 498 1377 ‚
518 1347 568 1372 ter
585 1338 651 1371 hoc
671 1339 777 1380 ipsum
802 1339 946 1373 inculcat
981 1340 1091 1374 dicens

70 1389 142 1421 cap.
161 1389 190 1413 2.
210 1383 258 1414 Sic
273 1381 386 1413 divina
395 1379 533 1415 bonitatis
545 1381 685 1421 praefidiis
701 1383 866 1420 ordinatis,
887 1390 924 1414 ut
931 1383 1094 1423 indulgen-

66 1424 117 1455 tia
126 1424 187 1455 Dei
198 1421 255 1468 m'fi
255 1421 520 1463 [implicationibus
539 1423 733 1455 Sacerdotum
744 1432 877 1463 nequeat
885 1424 1028 1463 obtineri-⁷.
1050 1423 1093 1456 Et

69 1471 140 1504 cap.
150 1471 179 1504 3.
191 1461 269 1496 ibid.
280 1465 315 1496 Si
323 1466 389 1503 quis
397 1473 501 1497 autem
510 1475 612 1496 eorum
619 1473 674 1504 pro
685 1464 788 1504 quihus
797 1467 928 1498 Domino
937 1466 1087 1506 supplica-

64 1514 153 1540 mus,-
169 1502 214 1538 Et
224 1503 377 1538 subinde:
397 1507 536 1538 Multum
546 1507 628 1537 enim
638 1507 715 1538 utile
723 1517 759 1538 ac
775 1505 967 1547 neceffiirium
978 1506 1038 1547 est,
1057 1514 1094 1539 ut

62 1553 256 1588 peccatorum
274 1555 377 1578 reatus
392 1555 467 1579 ante
485 1548 635 1580 ultimum
652 1548 732 1579 diem
742 1549 927 1582 Sacerdotali
939 1549 1094 1589 snpplica—

67 1585 300 1626 tionefhlveeur
309 1608 318 1621 0
328 1588 486 1629 Idemque
496 1586 586 1626 epist.
595 1587 646 1620 80.
656 1586 740 1620 alias
753 1590 820 1629 136.
832 1588 952 1629 Sufficit
960 1591 1018 1622 illa
1026 1601 1095 1622 con·-

58 1626 170 1668 fefflo,
191 1627 396 1669 quaprimiam
405 1630 626 1669 Deoafferrur,
648 1638 717 1662 tum
736 1633 834 1662 etiam
844 1631 1018 1669 Sacerdoti,
1039 1634 1093 1671 qui

62 1677 121 1710 pro
128 1667 463 1710 desistispoenirentium
470 1678 608 1711 precator
615 1672 731 1703 accedit
740 1695 749 1703 .
758 1671 916 1712 Idemque
924 1670 1014 1712 epist,
1027 1682 1040 1704 1
1046 1681 1095 1713 39.

67 1719 141 1750 cap.
154 1719 179 1746 Ι.
193 1713 433 1751 Reconciliandos
442 1715 505 1745 Deo
511 1721 566 1752 per
574 1712 707 1753 Ecclesia
713 1721 814 1752 prece-i
828 1712 975 1754 instanter
991 1716 1096 1754 acqui-

63 1762 134 1797 res.
157 1750 291 1798 Profert
308 1751 386 1798 vero
418 1751 567 1797 praefatus
593 1752 698 1798 etiam
720 1752 874 1787 Morinus
898 1753 1094 1800 euchologia

67 1791 194 1825 diversa
212 1795 247 1827 δε
266 1795 397 1827 ritualia
415 1803 569 1827 omnium
596 1793 661 1828 sere
680 1794 896 1828 Ecclesiarum
927 1794 1095 1833 Orientis,

61 1835 100 1879 ὃς
117 1834 209 1875 quod
223 1835 325 1876 'caput
348 1835 393 1878 est
407 1857 418 1874 ,
441 1833 640 1868 Latinorum
677 1834 860 1870 eneralibus
877 1836 1039 1871 Conciliis
1060 1839 1094 1870 δε

63 1875 272 1909 summorum
292 1875 412 1909 Romae
433 1875 631 1909 Pontificum
671 1877 784 1910 ecretis
801 1888 819 1910 a
866 1877 999 1916 robam,
1020 1877 1094 1919 qui-

64 1913 126 1948 bus
133 1937 146 1954 ,
167 1925 333 1956 quotquot
342 1916 377 1949 in
388 1915 537 1962 Orientis
547 1917 650 1958 plagis
659 1918 799 1951 existunt
829 1957 836 1964 ⁶
845 1887 994 1953 hristiani
1003 1942 1014 1958 ,
1032 1918 1096 1952 eti—

60 1966 121 1990 am
139 1966 229 1989 nunc
249 1965 471 1990 communiter
482 1965 638 1995 utuntur,
660 1959 732 1998 post
754 1957 984 1992 occidentalia
995 1959 1092 1993 unio-

55 2006 146 2038 sium
167 1997 294 2031 decreta
304 2020 317 2036 ,
339 2000 372 2032 δε
385 1996 429 2031 usi
438 1995 566 2030 fuerant
577 2021 590 2037 ,
611 2007 790 2040 antequam
807 1998 975 2034 schismata
985 1999 1094 2042 super-

47 2038 237 2084 :genii-ent,
257 2038 368 2072 Graeci
386 2063 398 2077 ‚
419 2038 559 2073 Armeni
578 2061 590 2078 ,
611 2039 684 2080 Syri
705 2062 717 2079 ,
738 2039 919 2074 Maronitae
940 2063 952 2079 ‚
981 2040 1015 2075 in
1034 2041 1091 2076 siio

44 2078 279 2127 sstruditissimo
310 2082 361 2126 de.
377 2078 576 2114 Poenitenti'a
603 2080 713 2122 Opere
731 2106 740 2114 .
770 2080 853 2116 Haec
874 2082 894 2115 si
916 2082 1090 2126 Theologi

90 2119 319 2169 ovissimorum
339 2122 533 2168 saeculomm
551 2120 769 2162 rescivissent,
789 2123 887 2157 aliter
904 2126 1017 2164 procul
1030 2126 1092 2158 du-

49 2131 123 2210 ἲιο
141 2163 338 2197 docuissent.
359 2162 462 2196 Enim
483 2163 561 2197 vero
580 2163 655 2197 cum
673 2165 703 2198 S.
722 2165 875 2198 Thomas
893 2164 927 2198 in
936 2177 966 2207 4.
986 2165 1088 2207 dist-3,

56 2205 130 2238 hart.-
144 2205 233 2237 2..ad
254 2215 280 2238 1.
302 2204 492 2238 Paludanus
501 2207 572 2239 ead.
591 2205 663 2238 dist.
672 2205 781 2248 quaest.
795 2216 821 2241 i.
863 2206 974 2240 iiaesito
985 2207 1092 2249 331ἰί-

64 2256 132 2287 que
150 2245 392 2291 communiter,
413 2257 452 2280 ex
468 2258 509 2292 eo
526 2245 617 2288 quod
627 2246 824 2280 Graecorum
834 2217 984 2281 {cclefiae
1005 2249 1090 2282 inter

56 2285 306 2362 'mumdum
322 2297 438 2321 vocem
456 2287 631 2334 usurpant,
652 2299 722 2321 non
739 2287 875 2330 quidem
895 2298 932 2322 ut
948 2288 1002 2322 illi
1022 2289 1091 2323 exi-

58 2360 62 2364 ,
140 2335 224 2374 ant,
239 2331 420 2370 Baptizftus·
435 2329 522 2369 „sed
532 2338 568 2362 ut
585 2328 695 2362 revera
712 2330 768 2368 fit,
789 2333 833 2365 Ba
854 2333 976 2369 tizatur
984 2331 1090 2372 Christi

56 2369 193 2410 servus,
213 2367 354 2405 inferant
373 2372 407 2404 ἃ
433 2372 634 2405 concludant
651 2382 721 2404 non
738 2371 798 2404 esse
814 2382 834 2404 a
858 2370 962 2404 solute
980 2371 1014 2405 in
1033 2371 1089 2405 ba·-

61 2402 186 2451 pristino
199 2411 409 2458 necessariam
428 2412 573 2453 personae
591 2411 731 2445 ministri
748 2412 1002 2459 expressjonem;
1019 2413 1088 2454 pari

59 2459 259 2497 argumento
277 2453 476 2492 docuissent,
497 2464 557 2487 nec
577 2454 638 2486 esse
646 2453 897 2487 necessariarum
908 2454 1090 2488 sacramen-

62 2499 104 2538 to
130 2531 136 2537 ο
175 2492 341 2532 nitentiae:
361 2494 544 2535 quoniam,
566 2493 712 2535 ipsorum
729 2494 971 2536 pariteraetate,
992 2496 1089 2530 Grae-

65 2543 100 2566 ci
130 2544 206 2579 uam
223 2545 293 2567 non
311 2534 531 2581 enuntiabant
556 2535 755 2577 personam,
785 2538 864 2571 dum
892 2537 1088 2579 poenitentes

55 2573 203 2608 ‚nexibus
222 2585 429 2616 peccatorum
450 2575 660 2611 absolvebant
670 2602 679 2609 .

50 2623 62 2660 ξ
103 2626 137 2662 .²··
158 2615 286 2651 Eadem
304 2617 371 2659 ipsa
390 2616 518 2652 ratione
535 2641 546 2657 ,
567 2617 589 2651 si
607 2617 815 2655 Doctoribus
839 2618 968 2654 Latinis
988 2619 1088 2654 inno—

54 2657 194 2705 Jtuisi'ent
204 2658 456 2705 approbatiffimi
466 2657 486 2692 a
496 2659 650 2693 Romana
660 2659 732 2694 sede
743 2659 969 2695 Orientalium
977 2662 1089 2696 natio-

56 2704 148 2745 ilium
158 2700 177 2731 d
178 2699 290 2745 iversae
299 2701 420 2742 lmguae
429 2710 504 2734 cum
511 2700 669 2747 Romana
679 2701 821 2748 Ecclesia
838 2703 1089 2749 communican-

56 2747 151 2785 ¹*tium
160 2749 260 2787 ritus,
281 2744 316 2776 δε
327 2753 436 2788 praxes
444 2743 697 2788 ordinationum
706 2766 717 2782 ,
737 2743 786 2777 his
795 2743 1016 2779 indubitanter
1031 2757 1088 2779 ve-

64 2789 274 2816 nerationem
283 2786 317 2816 δε
327 2783 519 2818 consensum
535 2784 719 2818 detulissent
728 2808 740 2824 ‚
757 2796 818 2818 nec
835 2785 868 2818 in
877 2797 932 2819 eas
942 2786 1088 2820 devenis-

60 2819 134 2865 sent
146 2823 357 2871 assertiones,
378 2824 543 2866 exquibus
553 2827 705 2872 sequatur
713 2849 724 2865 ‚
745 2825 767 2860 si
776 2826 912 2866 veritate
921 2827 1068 2861 nitantur
1076 2852 1087 2870 ,

62 2863 284 2904 Orthodoxos
295 2865 485 2912 Orientales
494 2872 610 2901 omnes
626 2865 661 2901 fu
669 2868 721 2901 isse
730 2877 781 2901 tot
790 2867 914 2902 saeculis
923 2869 964 2903 ab
974 2868 1090 2904 Eccle-

41 2926 43 2928 -
57 2900 109 2942 sia
119 2904 275 2951 Romana
287 2909 415 2941 delusos
425 2931 436 2946 ‚
458 2919 530 2949 quae
549 2919 618 2942 non
627 2908 759 2942 tantum
769 2921 886 2944 eorum
895 2910 976 2944 ritus
993 2922 1088 2944 accu-

59 2955 135 2993 ,rate
153 2949 339 2995 exploratos
349 2948 576 2996 comprobavit
586 2972 598 2990 ,
607 2949 672 2997 ‘sed
682 2949 782 2985 etiam
791 2951 870 2985 illos
880 2951 1087 2993 propriorum

59 2989 402 3029 lituumobservantia
412 2990 452 3024 sic
462 2991 630 3025 adstrinxit
641 3004 649 3024 :
672 3001 708 3025 ut
726 2993 883 3027 lethalem
893 2994 1088 3028 contrahant

62 3029 207 3070 horam,
227 3031 250 3065 si
267 3031 371 3065 velint
390 3032 423 3065 in
442 3032 579 3074 propriis
597 3032 747 3067 Ecclesiis
762 3033 826 3067 ritu
845 3034 968 3068 Latino
990 3035 1091 3069 mini-

63 3069 178 3105 strare·
201 3071 250 3106 Ex
267 3084 336 3116 quo
354 3073 387 3107 id
405 3071 569 3115 pariter'se
594 3084 723 3108 ueretur
732 3076 782 3109 vel
793 3076 939 3117 cogitatu
951 3076 1088 3110 horren-

64 3112 164 3151 dum,
169 3115 279 3158 nullos
288 3126 385 3157 penes
393 3113 479 3157 ipsos
486 3114 577 3149 fuisse
617 3115 1002 3160 pis'copos,Presbyteros‚
1010 3120 1087 3152 nul-

60 3151 136 3185 iam
154 3151 408 3196 Eucharistiam,
427 3158 561 3191 nullum
581 3157 781 3199 poenitentiae
801 3159 1049 3193 Sacramentum
1069 3184 1081 3200 ,

65 3203 175 3240 acque
183 3193 474 3239 confirmationis,
491 3210 598 3241 neque
616 3198 777 3233 Extremae
787 3199 986 3238 Unffionis;
1006 3201 1085 3242 quia

35 3271 37 3277 λ
65 3232 188 3268 scilicet
197 3237 290 3270 nulla
298 3237 400 3287 fuisset
410 3241 623 3275 Sacerdotum
632 3240 832 3280 ordinatio,a
842 3241 959 3283 quibus
989 3243 1085 3276 oisint

33 3279 39 3325 l
67 3283 183 3308 ⁶210st
193 3285 295 3319 preter
302 3278 495 3326 baptismum
505 3282 723 3316 administrari
733 3283 824 3316 Sacra
829 3292 948 3316 menta.
958 3252 1086 3326 (Spini-

65 3315 125 3351 mo
134 3327 240 3358 neque
249 3319 391 3359 pluribus
399 3322 522 3357 saeculis
531 3335 550 3357 a
574 3326 617 3358 ud
627 3324 768 3358 Latinos
777 3323 860 3365 ipsos
870 3324 925 3357 sub
934 3323 1082 3359 felicibus

11 3367 14 3370 ’
63 3357 263 3405 SanCtoijum
274 3335 764 3407 Patrumtemporibus:Constat
774 3365 863 3399 enim
873 3377 910 3399 ex
922 3365 1081 3407 prioribus

20 3437 26 3446 ,-
65 3396 336 3447 Coiiciliiquarti
353 3403 608 3448 Carthaginensis
627 3407 826 3446 canonibus,
844 3418 929 3448 quos
948 3409 1080 3443 ducenti

12 3450 24 3469 .‹
36 3452 40 3492 ¹}
66 3438 221 3487 Episcopi
231 3443 413 3488 ediderunt,
423 3445 507 3480 inter
514 3459 598 3489 quos
607 3449 808 3491 Augustinus
817 3448 995 3489 eminebat,
1004 3452 1081 3484 nul-

21 3493 41 3530 ‘l
66 3480 236 3529 lumsuisse
246 3484 404 3531 traditum
419 3489 690 3524 contret‘itandum
707 3491 959 3524 instrumentum
971 3491 1004 3525 in
1023 3493 1081 3525 Sa-

37 3534 42 3596 t
68 3523 228 3558 cei-dotali
245 3526 475 3567 ordmatione‚
498 3540 571 3572 quae
596 3530 666 3568 sola
692 3543 852 3567 manuum
872 3531 1081 3574 impositione

39 3604 42 3641 l

40 3694 44 3760 ἰ

42 3838 45 3867 l

219 151 507 238 Differt.
531 153 611 235 δι
637 148 1039 261 Appendix
1061 147 1155 229 ad
1179 151 1416 232 Cone.
1442 151 1708 233 Carth.
1729 153 1860 235 1V.
1953 170 2098 253 ¹45

1143 262 1510 311 certisque-orationum
1528 263 1640 312 formis
1659 265 1897 309 perficiebatur.
1918 266 2098 310 Dionysius
2119 266 2158 300 si-

1143 306 1267 350 militer
1284 305 1340 338 lib.
1351 305 1464 352 Hiera.
1476 305 1596 341 Eccles.
1607 311 1735 343 nullam
1743 308 1955 343 traditionem
1965 319 2022 343 aut
2029 318 2159 343 contre-

1142 344 1324 380 &ationem
1333 370 1345 386 ,
1366 348 1421 380 sed
1429 347 1535 380 solam
1546 350 1718 386 χειροθεσίαν
1729 353 1762 383 δε
1773 361 1878 390 preces
1889 350 2048 384 solemnes
2058 351 2090 384 in
2101 350 2160 384 Sa-

1142 388 1312 421 cerdotum
1328 387 1571 422 consecratione
1587 400 1824 424 commemorat
1839 416 1847 425 .
1867 392 2024 426 Clemens
2041 391 2162 434 pariter

1142 427 1317 474 Roma-nus
1327 427 1478 463 Pontifex
1490 428 1575 475 Petri
1586 430 1774 472 discipulus,
1785 432 1818 465 in
1827 434 2030 474 Apostolicis
2038 432 2159 467 consti-

1142 469 1325 504 tutionibus
1343 493 1355 509 ,
1397 481 1453 504 uas
1471 469 1672 512 Epiphanius
1690 473 1796 507 haeresi
1823 485 1875 514 70.
1891 476 2026 509 testatur
2041 473 2160 509 omnia.

1141 511 1366 558 complecti&
1415 511 1534 545 cclesiae
1543 512 1792 558 constitutiones
1808 518 1842 548 δε
1861 515 2067 557 disciplinam
2083 514 2159 549 atti·

1139 560 1271 598 nen-tia,
1294 552 1339 586 lib
1359 552 1389 586 8.
1398 564 1468 593 cap.
1480 554 1667 596 16.&seqq.
1685 555 1719 588 in
1736 555 1853 597 quibus
1861 568 1920 596 ea,
1964 568 2013 590 uae
2023 558 2057 590 in
2066 557 2159 591 ordi-

1139 593 1328 639 nationibus
1337 594 1560 640 ministrorum
1572 594 1720 629 Ecclesiae
1737 600 1917 638 peragenda
1948 608 2028 639 unt,
2049 597 2160 640 prose-

1139 634 1270 677 quitur,
1281 635 1432 682 speciales
1440 646 1597 681 nimirum
1614 648 1672 683 pro
1689 637 1820 680 singulis
1830 639 2012 673 Ordinibus
2030 650 2135 680 preces
2145 662 2161 678 ‚

1139 679 1175 710 δε
1185 687 1345 710 manuum
1354 675 1689 722 impositione8‚etiam
1699 678 1732 711 in
1742 680 1954 713 Subdiaconis
1964 684 1997 714 δε
2007 680 2159 714 ιεᾶοτί-

1139 717 1198 751 bus
1210 729 1217 756 ;
1229 719 1368 764 ‘nullam
1376 717 1454 752 vero
1470 728 1518 751 rei
1527 719 1766 763 contrectandae
1776 721 2011 755 exhibitionem
2020 745 2030 760 ,
2040 721 2158 763 nequi-

1140 760 1216 805 dem
1227 769 1259 791 in
1272 770 1442 793 minorum
1452 759 1619 794 Ordiniim
1628 761 1809 795 collatione
1818 765 2035 796 comemorat.
2044 764 2159 804 Atque

1138 799 1173 833 in
1185 800 1232 833 his
1242 800 1368 834 duobus
1378 811 1519 835 canones
1527 799 1796 843 Carthaginenses
1804 803 2046 843 dissentiunt,ne
2069 813 2161 837 antes

1138 842 1245 875 ullam
1257 841 1290 875 in
1301 842 1481 876 minoribus
1490 841 1686 888 intervenire
1696 853 1809 876 manus
1820 845 2040 886 impositione,
2054 847 2156 878 imul-

1139 894 1205 924 que
1215 883 1422 917 asserentibus
1433 883 1465 916 in
1480 883 1593 916 iisdem
1605 883 1893 918 instrumentorum
1903 886 2138 920 exhibitionem
2147 911 2156 920 .

1181 935 1208 967 3.
1231 924 1301 957 Istis
1318 925 1455 971 aliisque
1465 923 1673 971 varietatibus
1684 925 1884 966 perspicuum
1902 929 1957 967 sit,
1976 928 2155 962 Ecclesiam

1137 966 1299 1011 nonuesse,
1317 976 1373 999 aut
1392 966 1482 999 {uisse
1500 965 1746 999 invariabilibus
1764 969 1797 1001 δε
1816 967 2073 1002 immutabilibus
2089 967 2159 1003 for-

1137 1006 1199 1040 mis
1210 1018 1243 1040 in
1253 1010 1474 1048 quorumdam
1483 1007 1766 1041 Sacramentorum
1778 1008 1962 1043 ministeriis
1971 1010 2135 1044 astristam
2147 1024 2158 1044 .-

1137 1048 1191 1082 sed
1209 1048 1289 1081 ritus
1301 1048 1441 1083 diver-sos
1460 1059 1519 1090 pro
1542 1049 1625 1094 locis
1654 1052 1687 1082 8<
1705 1050 1906 1093 temporibus
1932 1051 2127 1093 approbatos
2148 1074 2160 1091 ,

1138 1101 1214 1123 cum
1232 1089 1417 1124 intentione
1435 1089 1572 1123 ministri
1592 1090 1610 1123 εὶ
1629 1089 1760 1123 Christo
1779 1091 1932 1126 Domino
1951 1093 2087 1127 instituti
2103 1094 2161 1127 Sa-

1137 1140 1302 1178 cramenta
1322 1133 1476 1174 pleraque
1493 1130 1681 1177 con-fecisse.
1700 1132 1935 1174 Antiquissima
1946 1158 1957 1174 ‚
1983 1136 2056 1175 quae
2076 1135 2108 1167 le
2131 1134 2160 1168 i-

1137 1182 1192 1206 tur
1207 1183 1241 1206 in
1260 1174 1471 1207 Sacerdotum
1489 1175 1718 1212 ordinatione,
1741 1175 1852 1207 calicis
1875 1179 1909 1209 Bc
1927 1185 2050 1216 patenae
2068 1187 2106 1209 ex
2133 1176 2159 1208 i·-

1138 1214 1241 1253 bitio,
1264 1214 1382 1256 legitur
1400 1215 1435 1248 in
1452 1214 1601 1248 Romani
1619 1214 1745 1249 ordinis
1762 1215 1900 1256 libello,
1922 1227 2021 1258 quem
2040 1216 2159 1251 Alcui-

1136 1267 1198 1289 nus
1208 1278 1218 1294 ,
1227 1255 1345 1289 Caroli
1356 1256 1471 1299 Magni
1484 1265 1672 1297 praeceptor,
1682 1256 1805 1300 alicubi
1814 1267 2058 1292 commemorat
2069 1282 2077 1290 .
2087 1257 2156 1292 Hic

1136 1297 1366 1331 enimlibellus
1377 1309 1405 1339 p.
1426 1297 1579 1336 2.refert,
1602 1307 1671 1330 non
1680 1297 1790 1331 soliim
1800 1299 1839 1331 ab
1859 1299 2022 1341 Episcopo
2040 1310 2158 1332 manus

1137 1339 1205 1372 illis
1215 1338 1363 1379 imponi,
1380 1338 1436 1386 qui
1447 1338 1637 1372 Sacerdotio
1647 1349 1868 1381 augurantur,
1886 1340 2065 1381 manusque
2085 1342 2154 1379 ejus

1160 1380 1194 1414 ui
1204 1380 1379 1414 ordinatur
1396 1380 1511 1423 inungi
1522 1403 1533 1419 ,
1553 1379 1605 1413 sed
1615 1379 1716 1413 etiam
1726 1380 1864 1414 calicem
1872 1381 1987 1414 vinum
1996 1393 2083 1422 aqua
2092 1381 2156 1414 mi-

1136 1392 1220 1455 Rum
1237 1421 1486 1460 continentem,
1507 1425 1702 1463 &patenam
1722 1433 1798 1455 cum
1818 1433 1901 1463 pane
1918 1422 2024 1461 tradi,
2046 1422 2159 1455 simul-

1136 1475 1201 1505 que
1219 1463 1277 1496 ista
1286 1462 1407 1497 eisdem
1424 1463 1611 1497 enunciari:
1632 1463 1931 1505 Accipepotestatem
1941 1466 2047 1504 offerre
2057 1467 2159 1496 Sacri-

1131 1506 1237 1546 ficium
1248 1508 1330 1543 Deo,
1352 1506 1529 1547 mr'ffirmque
1546 1504 1692 1538 celebrare
1702 1514 1768 1537 tam
1806 1518 1837 1537 ro
1855 1509 1961 1544 vivis,
1984 1504 2082 1546 quim
2102 1515 2156 1547 pro

1136 1547 1302 1586 defune'sis.
1324 1545 1548 1580 Morinussuo
1567 1546 1600 1579 in
1611 1557 1709 1587 opere
1721 1547 1760 1579 de
1782 1545 1863 1579 acris
1872 1546 2158 1585 ordinationibus,

1137 1587 1270 1621 inseruit
1280 1587 1491 1629 perantiquos
1500 1598 1559 1621 nec
1569 1598 1715 1629 unquam
1725 1596 1820 1621 antea
1828 1587 1918 1629 typis
1927 1588 2060 1621 excusos
2069 1587 2160 1621 ordi-

1136 1629 1313 1663 nationum
1325 1628 1497 1668 Rituales,
1514 1639 1552 1662 ex
1574 1628 1739 1662 Vaticana
1757 1628 1896 1670 aliisque
1914 1628 2092 1662 illustribus
2111 1628 2160 1662 bi-

1138 1669 1310 1704 bliothecis
1318 1679 1428 1704 erutos
1436 1694 1447 1710 ,
1458 1681 1588 1704 necnon
1599 1669 1720 1702 librum
1729 1669 1898 1711 Syriacum
1907 1669 2159 1704 ordinationum

1137 1710 1380 1745 Maronitarum
1390 1735 1400 1751 ‚
1418 1711 1476 1755 qui
1495 1710 1583 1744 fuere
1593 1710 1748 1744 hactenus
1758 1710 1878 1745 Libani
1889 1711 2012 1745 montis
2020 1713 2155 1751 accolae,

1138 1764 1281 1795 quorum
1291 1753 1390 1786 fidem
1409 1756 1443 1787 Bc
1460 1755 1566 1788 sacros
1576 1751 1656 1785 ritus
1674 1752 1866 1793 jampridem
1878 1752 2031 1797 Romana
2042 1753 2159 1794 proba-

1137 1794 1185 1828 vit
1193 1794 1336 1828 Ecclesia
1345 1818 1354 1828 .
1375 1795 1442 1828 Isto
1451 1793 1588 1835 aliisque
1599 1804 1708 1826 recens
1717 1793 2046 1839 editis-manuscriptis
2055 1792 2160 1840 ritua-

1137 1835 1223 1869 libus
1232 1859 1243 1875 ,
1264 1846 1334 1869 non
1343 1835 1664 1871 aliter-enunciantiir
1675 1836 1821 1868 ordinari
1831 1835 2019 1869 Sacerdotes
2029 1838 2062 1878 βε
2073 1834 2160 1868 Dia-

1138 1877 1214 1912 coni
1231 1875 1333 1919 quam
1351 1888 1469 1911 manus
1486 1874 1694 1922 impositione
1711 1899 1722 1915 ‚
1750 1878 1786 1910 δε
1803 1875 2011 1923 solemnibus
2028 1875 2161 1924 quibusl-

1137 1920 1213 1952 dam
1242 1918 1387 1960 precibus
1410 1942 1421 1958 ,
1454 1918 1606 1960 nihilque
1643 1919 1735 1951 aliud
1763 1919 1952 1951 ordinando
1983 1918 2160 1960 poi-rigitur

1135 1960 1236 2001 quam
1256 1960 1513 2006 Evangeliorum
1529 1961 1637 2006 ‘codex
1655 1983 1667 1998 ‚
1696 1968 1731 1993 ut
1750 1957 1854 2000 ipsum
1865 1959 2037 2003 diligenter
2054 1961 2159 2008 perle-

1134 2011 1207 2042 gat.
1228 2002 1303 2035 Nec
1330 2001 1498 2035 dissimiles
1515 2002 1589 2035 sunt
1612 2003 1858 2048 Armenorum,
1879 2013 1996 2047 eorum
2006 2014 2065 2044 qui
2082 2013 2157 2036 cum

1136 2043 1295 2076 Romana
1305 2042 1447 2077 Ecclesia
1464 2052 1734 2082 communicant,
1755 2043 2006 2078 ordinationum
2023 2044 2104 2078 ritus
2120 2055 2158 2078 ac

1133 2083 1394 2123 observationes,
1416 2096 1560 2127 quorum
1578 2084 1672 2118 sacris
1683 2083 1870 2118 ministeriis
1878 2085 2062 2120 exercendis
2071 2085 2159 2119 siim-

1133 2125 1180 2159 mi
1190 2125 1364 2160 Pontifices
1373 2126 1550 2161 Ecclesiam
1568 2126 1653 2159 intra
1663 2126 1813 2160 Romam
1830 2128 2051 2162 concesserunt
2067 2126 2159 2161 tituli

1134 2167 1254 2201 sane'tae
1265 2166 1383 2214 Marias
1392 2167 1560 2212 AEgyptiae
1576 2179 1676 2209 prope
1686 2168 1869 2211 Tyberim.
1888 2168 1986 2213 Quin
2004 2168 2105 2203 etiarn
2122 2176 2157 2202 m

1132 2208 1213 2243 affis
1221 2209 1483 2250 Apostolorum,
1504 2214 1539 2246 δε
1551 2209 1721 2244 1.Timot.
1737 2221 1767 2253 4.
1785 2210 1869 2244 nihil
1890 2213 1930 2244 de
1959 2212 2046 2244 sacra
2064 2211 2158 2255 ordi-

1128 2249 1270 2297 >natione
1287 2260 1400 2292 praeter
1418 2250 1580 2290 χειριτυίκ»
1598 2261 1896 2285 commemoratur.
1918 2253 1979 2285 Sed
1998 2255 2031 2285 &
2051 2250 2158 2292 ipsum

1131 2291 1374 2325 Tridentinum
1382 2291 1578 2325 Concilium
1588 2304 1724 2325 omnem
1742 2301 1873 2325 amovet
1890 2292 2153 2334 ambiguitatem,

1132 2331 1209 2365 cum
1227 2331 1342 2365 diserte
1360 2333 1528 2366 dicat‘sess.
1541 2343 1589 2374 14.
1597 2344 1665 2374 cap.
1677 2343 1704 2374 3.
1721 2334 1911 2371 Sacerdotes
1928 2333 1988 2368 rite
2006 2333 2154 2367 ordinari

1131 2384 1189 2415 per
1206 2384 1365 2408 manuum
1382 2373 1625 2414 impositionem
1643 2398 1650 2406 .
1684 2374 1726 2406 Et
1745 2373 1811 2407 sess.
1829 2384 1879 2417 23.
1899 2385 1971 2409 can.
1987 2386 2018 2417 4.
2041 2377 2076 2408 Si
2093 2378 2159 2416 quis

1133 2417 1148 2455 (
1157 2414 1371 2454 aitmixerir»,
1391 2425 1446 2456 per
1453 2414 1598 2455 Js'tham
1617 2417 1835 2449 ordinationem
1854 2428 1913 2449 non
1930 2419 1998 2450 dari
2007 2420 2159 2458 Spiritum

1123 2454 1269 2497 fflnffu'm
1289 2479 1301 2495 ,
1321 2468 1357 2489 ac
1371 2458 1495 2497 proinde
1511 2456 1635 2497 frustra
1653 2458 1861 2498 Episcoporum
1886 2460 1981 2491 dicere
2001 2470 2012 2490 .·
2042 2461 2122 2493 ,Δία’
2142 2471 2158 2491 e

1132 2501 1281 2539 Spiritum
1292 2497 1459 2539 fhnffum,
1479 2499 1643 2530 anathema
1655 2499 1716 2539 fit.
1736 2498 1843 2539 Atqui
1856 2502 1857 2506 ’
1870 2499 1938 2532 haec
1965 2498 2033 2540 ipsa
2059 2509 2115 2532 ver
2138 2510 2157 2532 a

1131 2537 1253 2580 profert
1264 2538 1466 2579 Episcopus,
1487 2540 1566 2571 dum
1585 2549 1703 2585 manus
1722 2538 1864 2585 imponit
1881 2563 1889 2571 .
1913 2539 2050 2587 Judicat
2075 2551 2153 2583 ergo

1130 2579 1326 2614 Concilium
1343 2579 1375 2613 id
1395 2580 1456 2613 esse
1475 2581 1516 2613 de
1533 2581 1754 2614 ordinationis
1773 2580 1965 2615 substantia.

1170 2633 1200 2663 4.
1224 2620 1361 2667 Omitto
1373 2620 1571 2668 Latinorum
1588 2632 1722 2668 quoque
1733 2621 1866 2655 Patrum
1882 2623 2068 2657 testimonia
2079 2623 2157 2666 ,qui

1121 2673 1168 2697 *ut
1186 2662 1361 2703 diligenter
1377 2662 1774 2705 observavit-monuitque
1792 2663 2013 2698 Bellarminus
2040 2665 2096 2697 lib.
2116 2667 2155 2698 de

1127 2706 1342 2740 sacramento
1353 2703 1494 2738 Ordinis
1513 2703 1923 2750 cap.9.instrumentorum
1940 2705 2155 2751 traditionem

1132 2745 1258 2788 prorsus
1275 2745 1367 2779 silent
1385 2769 1396 2785 ,
1428 2755 1588 2779 manuum
1606 2749 1684 2780 vero
1711 2747 1954 2787 impositionem
1972 2747 2158 2787 {requenter

1131 2796 1392 2822 commemorant
1403 2811 1410 2819 .
1431 2787 1496 2820 His
1511 2789 1643 2821 accedat
1661 2788 1985 2828 argumentisrelatio
1993 2788 2157 2822 Theoda-

1132 2829 1188 2863 riti
1214 2827 1356 2862 historiae
1383 2828 1595 2871 religiosae-c.
1620 2838 1665 2870 13.
1684 2827 1889 2864 Macedonio
1917 2829 2082 2862 monacho
2099 2841 2155 2870 pei·

1132 2870 1289 2912 callidam
1306 2869 1534 2911 versutamque
1551 2869 1841 2905 dissimulationem
1859 2872 1899 2903 ad
1930 2871 2033 2915 altare
2050 2882 2158 2909 accer-

1131 2912 1211 2952 sito,
1236 2923 1343 2953 neque
1362 2910 1489 2952 prorsus
1507 2913 1546 2944 de
1564 2910 1612 2957 sui
1628 2909 1737 2944 futura
1756 2911 1967 2945 ordinatione
1994 2910 2160 2953 suspican-

1132 2954 1181 2993 ti,
1202 2953 1431 2987 celeberrimus
1449 2952 1507 2986 ille
1516 2952 1691 2986 Flavianus
1699 2952 1928 2986 Antiochensis
1946 2952 2093 2987 Antistes
2101 2955 2157 2987 Sa—

1133 3007 1224 3029 crum
1242 2994 1426 3033 celebrans,
1448 3005 1564 3028 manus
1583 2995 1622 3026 ad
1642 2993 1763 3026 sacram
1781 2994 2029 3027 ordinationem
2047 2993 2157 3041 impo-

1131 3036 1212 3071 suit.
1234 3036 1347 3069 Bonus
1365 3035 1443 3070 vero
1462 3035 1641 3069 monachus
1658 3033 1770 3068 fraude
1789 3045 1954 3077 comperta
1974 3037 2058 3070 adeo
2085 3040 2155 3072 suc-

1133 3077 1276 3116 censuit,
1298 3086 1334 3110 ut
1345 3076 1540 3111 Pontificem
1559 3085 1707 3117 arrept0‚
1729 3088 1798 3117 quo
1819 3076 2077 3111 substentabatur
2095 3078 2156 3112 sci..

1133 3120 1255 3162 pione,
1277 3130 1315 3151 cx
1326 3117 1502 3160 improviso
1523 3127 1688 3160 percutere
1705 3117 1865 3151 connixus
1882 3118 1939 3157 sit,
1961 3118 2019 3152 nisi
2029 3118 2151 3154 Clerici

1133 3158 1375 3206 circumstantes
1384 3159 1492 3206 senem
1501 3158 1783 3206 excandescentein
1792 3159 2054 3208 compescuissent
2063 3184 2073 3200 ‚
2095 3161 2154 3203 qui

1133 3203 1197 3236 hoc
1214 3201 1286 3234 solo
1305 3210 1367 3235 ritu
1388 3202 1443 3235 ino
1468 3211 1559 3235 mato
1578 3202 1698 3233 sacram
1715 3210 1788 3233 iniit
1805 3201 2069 3235 ordinationem.
2092 3203 2152 3244 Ipsi

1133 3243 1211 3277 vero
1222 3242 1412 3289 Scholastici
1423 3214 1598 3289 'Ipheologi
1610 3243 1791 3275 admodum
1801 3242 1841 3274 ab
1853 3242 1993 3288 invicem
2005 3243 2153 3278 dissident

1131 3285 1215 3320 circa
1224 3284 1430 3317 necessariam
1438 3296 1476 3318 ac
1485 3285 1741 3324 essentialem(ut
1750 3294 1827 3316 cum
1836 3294 1881 3330 eis
1890 3285 2153 3326 loquar)ordina.

1130 3326 1232 3361 tionis
1240 3326 1453 3359 Sacerdotum
1462 3325 1727 3360 &Diaconorum
1737 3326 2053 3360 materiam-Samius
2061 3327 2153 3360 enim

1129 3369 1361 3402 Bonaventura
1371 3366 1404 3400 in
1413 3365 1976 3413 4.dist.24.p.2.art.1.qu23st.4.solain
1986 3370 2081 3402 docet
2092 3369 2154 3403 esse

1129 3408 1277 3443 absolute
1296 3408 1504 3442 necessariam
1525 3419 1639 3441 manus
1657 3407 1899 3449 impositionem
1918 3433 1925 3440 .
1949 3409 1998 3442 Ex
2018 3409 2154 3443 adverso

1128 3450 1335 3492 Capreolus,
1358 3449 1558 3484 Dominicus
1568 3450 1663 3482 Sotus
1683 3472 1694 3488 ,
1716 3452 1749 3482 &
1769 3449 1927 3483 Valentia
1945 3453 2153 3484 contendunt

1126 3492 1210 3525 hanc
1231 3490 1315 3524 nihil
1337 3489 1402 3525 esse
1424 3500 1538 3533 praeter
1559 3490 1809 3524 accidentariam
1830 3491 2153 3536 caeremoniamilso-

1124 3534 1266 3575 lumque
1294 3532 1455 3575 pertinere
1486 3534 1527 3567 ad
1561 3532 1677 3566 haruin
1707 3531 1958 3609 ordiiligtionum
1979 3533 2153 3607 essent—iam

1996 3586 2030 3609 in
2045 3584 2112 3608 irti-
