2430 3958
0 207 3 244 ⁴
407 248 410 258 ’
559 244 562 247 ’
743 219 1118 310 ἱίἹῇῡὶοα

82 327 295 389 ,relinquit
314 341 355 379 in
378 335 554 389 insidiis,
581 337 733 393 ipseque
759 310 853 382 clim*
874 341 1018 381 minori
1038 351 1122 389 par-

1 385 4 435 l
83 391 147 421 η
173 392 306 440 Copias
325 387 546 442 obsidentes
569 393 767 434 adoritur..
791 392 1004 434 Baldninus
1029 402 1122 433 con-

1 441 4 473 ?
103 429 227 482 fidens
255 440 292 484 se
323 441 427 484 haud
454 445 553 494 aegre
580 458 791 494 paucorum
818 445 1022 486 audaciam
1048 439 1121 484 esse

0 495 4 542 ’ς
104 481 342 542 fracturum,
370 497 504 544 copias
523 500 562 538 in
589 497 723 540 eoruf'n
740 495 946 538 occursum
964 496 1122 543 educit,

0 551 3 567 ⁵
97 542 286 598 editoque
311 552 524 590 certamine
551 551 635 599 post
653 548 827 601 aliquam
841 549 935 589 hinc
961 549 1053 591 inde
1063 561 1118 605 ce·

85 595 186 638 >dem
211 601 432 648 Joanninus
459 602 652 650 paulatim
681 599 889 643 retrocelsit
907 611 925 648 ,
952 598 1118 644 instante

97 648 226 691 acrius
236 651 457 702 Balduino,
484 657 525 696 in
547 651 678 708 sugam
691 665 865 702 apertam
883 650 1119 702 effunditur,

97 711 214 751 quem
240 703 452 746 Balduinus
477 708 500 749 a
520 721 632 759 tergo
653 719 696 746 ur
719 717 790 749 ets
823 702 886 746 sed
912 704 1120 754 derepente

96 751 329 807 insurgunt,
356 759 547 808 quierant
575 760 676 800 inin
693 758 804 803 idiisa
830 758 1117 798 &Circumven-

76 817 160 847 ⁴tos
185 807 351 849 Latinos
377 815 486 861 gravi
518 808 716 853 occisione*
744 807 898 849 caedunt
919 832 936 855 ,
963 803 1118 860 ipseque

97 858 308 901 Balduinus
329 865 507 910 captivus
524 877 613 905 cum
636 859 793 902 vsuorum
811 859 944 903 multis
958 859 1117 904 abduci·

74 921 183 958 tur,
212 912 378 953 necdum
404 916 605 966 completo
632 913 785 962 Imperii
812 911 997 956 biennio·
1026 913 1114 957 Post

96 974 298 1014 acceptam
325 966 476 1009 cladem
489 993 504 1016 ,
530 967 719 1009 Henricus
745 966 824 1012 eius
850 963 967 1008 frater
992 967 1116 1016 impe-

91 1015 155 1056 rio
172 1013 403 1067 praeficitur,
432 1022 540 1071 quod
555 1015 816 1060 administrare
837 1020 962 1068 cepit,
989 1021 1116 1060 nomi-

91 1079 144 1107 ne
162 1078 295 1109 tamen
315 1073 422 1122 regio
438 1075 480 1113 ὃς
506 1068 712 1123 infignibus
737 1066 930 1110 abstinens
945 1096 959 1118 ,
986 1069 1113 1112 donec

93 1131 207 1160 anno
234 1133 486 1175 quatuorque
512 1121 663 1182 insuper
690 1118 876 1162 mensibus
895 1123 1042 1163 exactis
1062 1123 1112 1164 ab

89 1170 164 1212 illa
190 1175 424 1221 captivitate
440 1199 457 1223 ,
481 1172 518 1215 fr
545 1187 613 1216 tris
637 1185 742 1214 mors
768 1185 972 1221 comperta
999 1173 1072 1216 fuit
1098 1194 1113 1222 ‚-

90 1235 188 1265 tunc
213 1222 368 1266 demum
391 1228 432 1266 in
457 1227 475 1266 Ι
541 1228 609 1267 etii
631 1237 776 1265 nomen
804 1225 846 1264 δι
876 1240 1109 1269 ornamenta

85 1272 309 1317 consentit.
341 1277 435 1330 Qa
467 1275 670 1318 occasione
697 1277 860 1318 Nicetas
889 1278 1109 1321 Choniates

75 1324 197 1368 illius
218 1325 528 1370 moderationem
555 1326 788 1380 caeterasque
816 1331 977 1374 virtutes
1005 1346 1110 1372 com-

83 1377 272 1427 mendat,
298 1380 467 1429 ingenue
489 1379 673 1431 professus
686 1384 883 1422 contraria
903 1382 961 1426 his
985 1398 1109 1424 exem-

84 1428 153 1479 pla
189 1430 292 1479 apud
331 1432 492 1475 Graecos
525 1433 732 1483 populares
779 1431 866 1476 suos
898 1434 1004 1476 fuisse
1038 1433 1108 1478 fre-

78 1485 276 1534 quentia,
302 1485 405 1532 apud
433 1498 537 1537 quos
567 1498 688 1537 regno
706 1482 919 1536 designari,
945 1499 1029 1528 non
1041 1502 1107 1529 ex·

92 1538 97 1541 “
202 1547 246 1576 ta
258 1533 486 1586 praecefforis
511 1549 639 1580 morte
647 1556 663 1585 5
688 1550 757 1579 aut
775 1538 884 1579 illum
905 1539 1029 1581 oculis
1047 1555 1106 1581 or-

79 1585 241 1635 batum,
268 1589 372 1629 &in
393 1588 798 1638 vinculaidetrusum,
829 1605 949 1642 regno
979 1591 1106 1640 depel-

81 1636 164 1680 lere
189 1637 395 1690 solebant,
421 1642 548 1693 qualis
565 1655 648 1684 erat
667 1641 795 1685 adhuc
815 1658 944 1685 recens
961 1658 1105 1684 memo-

75 1693 198 1732 riain
221 1688 372 1734 Alexio
391 1693 607 1737 comneno
634 1692 810 1737 adversus
827 1693 986 1737 fratrem
1007 1695 1106 1737 Isaa-

70 1745 210 1791 cium,
231 1744 323 1784 &in
341 1742 487 1788 Alexio
506 1748 620 1790 Duca
641 1747 902 1797 Murzuphlo,
930 1751 998 1799 qui
1015 1747 1103 1789 Ale.

69 1798 188 1836 arium
221 1793 289 1836 An
338 1795 420 1838 lum
449 1802 592 1848 pariter
621 1801 902 1847 Imperatorem
931 1801 1102 1853 strangu-

75 1845 248 1888 laverat·
274 1846 382 1893 Ilius
404 1851 525 1899 porro
550 1854 671 1895 aetatis
690 1850 860 1900 historici
887 1849 1059 1894 scribunt
1085 1879 1102 1901 ,

77 1897 312 1940 Balduinum
327 1900 393 1942 diu
422 1914 528 1943 tetro
553 1917 710 1948 carcere
725 1917 990 1952 maceratum,
1016 1903 1101 1947 suis-

66 1947 114 1991 ·st
139 1949 283 1993 ibidem
320 1965 506 1995 necatum
525 1983 536 1994 .
562 1955 681 1998 Solus
710 1956 874 1998 Nicetas
906 1957 1099 1998 crudelius

67 2014 164 2047 cum
189 2015 240 2043 eo
260 2001 406 2054 gestum
431 2006 594 2058 prodit„
622 2001 767 2048 {cilicet
785 2007 954 2048 brachiis
981 2013 1100 2050 cruri-

67 2051 231 2105 busque»
248 2058 458 2103 amputatis
486 2056 664 2100 reli&um
686 2059 730 2098 in
750 2056 902 2101 deserta
927 2060 1097 2110 quadam

72 2105 184 2201 :saue
209 2102 316 2149 fuiffe
340 2106 563 2150 volucribus
588 2112 629 2152 δε
654 2107 739 2151 feris
764 2113 805 2157 in
832 2109 957 2152 escam
981 2125 1099 2162 expo·

93 2171 190 2200 itum
210 2185 223 2199 .
967 2197 971 2200 ,

131 2222 191 2262 13.
219 2213 309 2259 Ejus
333 2213 541 2254 inlocum
568 2210 746 2258 suffedws
769 2219 960 2258 Henricus
974 2215 1098 2260 frater

68 2262 307 2315 &connium
341 2267 547 2315 imperavit
571 2294 581 2305 .
616 2269 720 2308 Huic
754 2266 920 2309 succeffit
959 2270 1093 2310 Petrus

71 2312 404 2361 Alltiffiodorenfis
437 2331 588 2369 gener:
618 2321 685 2370 qui
722 2319 860 2360 relirsto
899 2317 1094 2370 impubere

64 2363 155 2408 filio
176 2362 244 2408 sub
271 2370 434 2417 Joannae
461 2372 596 2410 uxoris
624 2369 751 2412 tutela
771 2396 787 2419 ,
814 2371 1020 2422 postquam
1050 2377 1091 2414 in

68 2418 239 2468 Imperio
277 2423 487 2462 triennium
525 2420 703 2471 posuiffet
721 2447 738 2471 ³
765 2424 960 2464 extinctus
999 2425 1051 2466 est
1080 2455 1090 2466 .

68 2473 188 2511 Hunc
215 2469 411 2513 Robertus
438 2478 610 2523 excepit.
637 2477 713 2516 Hic
741 2471 969 2517 affinitatem
995 2492 1091 2518 con-

67 2526 188 2565 traxit
201 2536 290 2563 cum
302 2525 429 2565 altero
448 2527 665 2577 Grecorum
682 2529 922 2576 Imperatore
935 2553 950 2576 ,
961 2528 1089 2570 Theo-

59 2575 169 2617 doro
191 2574 370 2624 Lascari,
398 2591 570 2627 nuptum
583 2579 642 2621 illi
661 2580 805 2621 tradita
821 2581 950 2621 Maria
973 2579 1089 2622 soro-

63 2642 130 2669 re.
157 2629 391 2679 Exaeroque
407 2629 627 2678 decennio,
652 2631 846 2673 Balduino
868 2630 1087 2674 secundoli.

62 2679 121 2721 lio
149 2683 303 2731 Imperii
339 2679 610 2723 succeffionem
635 2685 794 2735 reliquit
819 2708 834 2732 ,
872 2689 939 2736 qui
977 2698 1086 2726 totos

63 2735 225 2785 triginta
250 2747 380 2776 annos
401 2736 513 2775 varia
549 2733 710 2778 fortuna
736 2750 820 2778 cum
849 2738 993 2778 Graecis
1029 2738 1085 2777 lu·

59 2784 190 2828 &atus
216 2783 300 2832 est,
337 2786 465 2828 donec
490 2788 723 2836 proditione·
741 2787 1084 2838 Constantinopo-

56 2834 474 2886 lisinterciperettu‘,
508 2845 555 2880 ac
589 2841 748 2882 Francis
774 2853 950 2888 erepwm
978 2843 1082 2883 Grae-

59 2903 204 2934 corum
231 2889 439 2940 Imperium
466 2891 516 2932 ad
550 2890 787 2934 Michaelem
817 2892 1081 2946 Palaeologum

60 2939 238 2984 delatum
261 2967 278 2989 ,
316 2944 462 2984 Graecis
495 2946 637 2986 iterum
671 2945 893 2986 redderetur
926 2947 1080 2988 incerto

56 3007 207 3043 anno,
241 2994 334 3036 cum
369 2995 556 3037 nonnulli
597 3009 676 3038 rem
713 2994 933 3038 adscribant
968 3011 1079 3043 anno

63 3057 174 3095 1259.
191 3045 271 3089 *alii
302 3055 413 3089 1260.
439 3047 508 3088 alii
540 3048 649 3090 1261.
672 3047 816 3091 Evasus
835 3061 967 3091 autem
993 3051 1077 3092 Bal-

54 3097 198 3139 duinus
211 3138 213 3140 ,
227 3101 270 3140 in
294 3100 456 3141 Italiam
485 3099 688 3143 conceffit.

17 3126 24 3174 Ξ
112 3162 170 3203 ¹4·
197 3152 436 3193 innocentio
474 3153 546 3195 IV.
583 3151 778 3196 pontifice
811 3156 851 3195 in
890 3155 1075 3197 Lateran.

19 3201 248 3247 ,Concilio
285 3217 401 3250 anno,
439 3218 549 3256 1245.
588 3202 733 3246 sacram
771 3207 951 3247 militiam
981 3208 1075 3248 indi-

20 3272 24 3310 ζ
52 3259 163 3297 cenci
191 3257 322 3305 paruit
350 3255 434 3298 Rex
460 3259 701 3299 Francorum
727 3256 880 3300 sancstus
908 3259 1075 3301 Ludovi-

2 3297 24 3365 l:
47 3320 117 3349 cus
133 3307 204 3348 IX.
229 3320 323 3348 cum
339 3307 469 3350 valida
495 3308 610 3351 claffe
627 3310 791 3358 trajersto
813 3313 905 3351 mari
928 3310 1073 3354 bellum

0 3354 26 3429 ἴ)
48 3358 223 3410 AEgypti
241 3359 412 3403 sultano
431 3361 590 3411 intulit,
607 3366 811 3414 primoque
823 3366 968 3411 impetu
990 3365 1075 3406 Da-

3 3430 6 3442 ι
47 3414 205 3452 mietam
225 3436 242 3459 ,
259 3412 367 3451 -oliin
396 3411 583 3456 Pelusium
610 3414 753 3455 dieram
771 3439 788 3463 ,
815 3418 935 3463 coepit
962 3430 1071 3456 anno

3 3487 26 3507 ι.
49 3475 161 3514 η49.
189 3461 254 3504 sed
283 3466 322 3503 in
353 3464 591 3507 Francorum
620 3467 744 3508 castra
770 3466 998 3516 palustribus
1029 3467 1069 3508 si-

6 3526 87 3562 >ita
123 3514 218 3557 locis
254 3514 414 3556 morbus
450 3517 630 3566 pestilens
665 3517 810 3560 incessit
829 3544 844 3566 ,
882 3517 1069 3571 simulque

24 3569 176 3614 'zrerum
205 3571 379 3607 omnium
416 3572 575 3615 penuria
593 3598 608 3616 ‚
634 3569 724 3610 cum
752 3570 958 3612 obstructis
987 3585 1070 3614 tum

25 3625 28 3656 ἓ
46 3616 170 3669 Iffllo,
199 3632 284 3661 tum
301 3617 467 3662 hostium
483 3621 614 3664 castris
633 3623 892 3675 undequaque
920 3626 1065 3667 itineri-

1176 228 1504 342 Synopfis
1524 295 1539 311 .
1954 272 2004 338 „3
2021 256 2127 339 69

1166 338 1260 391 bus,
1289 345 1386 387 nihil
1404 361 1643 391 commeatus
1660 349 1682 392 εὶ
1706 351 1892 394 Damieta
1912 355 2177 404 reciperetur-³2·

1163 395 1248 442 post
1275 411 1363 440 acre
1390 413 1436 440 ac
1467 400 1631 451 long-um
1656 416 1728 452 pro
1757 401 1937 446 sanorum
1963 412 2178 458 exiguitate

1164 447 1489 506 &languentium
1516 451 1717 496 debilitate
1736 468 1956 506 certamen,
1985 473 2064 501 tam
2091 461 2177 505 Rex

1163 497 1406 559 ipsa-quam
1433 503 1514 543 duo
1541 508 1620 553 ejus
1645 504 1781 548 fratres
1797 531 1814 555 ,
1843 507 2027 553 Alfonsus
2052 514 2177 556 Pieta-

1163 555 1294 610 vienus
1311 556 1352 594 δε
1372 554 1545 597 Carolus
1563 555 1870 610 Andegavenfis‚
1898 563 2077 606 Comites
2101 563 2176 608 fot.

1163 601 1295 646 uffime
1310 619 1525 658 pugnantes
1537 608 1587 651 ab
1613 609 1784 652 hostibus
1810 616 1916 661 capti
1943 613 2052 655 sunt.
2082 619 2174 659 Pau..

1159 653 1288 706 cisque
1311 655 1401 709 fuga
1420 657 1578 708 elapfis,
1603 666 1731 705 caeteri
1755 676 1825 704 aut
1842 662 1943 708 caefi,
1971 680 2038 706 aut
2065 672 2170 718 capti

1159 705 1282 766 fuere.
1310 709 1458 761 Regina
1485 712 1722 764 Margarita,
1750 718 1859 756 omni
1887 719 2029 759 virtute
2056 734 2172 762 orna-

1158 758 1293 801 tiffima
1309 759 1494 822 soe'miua,
1522 776 1608 815 quae
1627 766 1819 810 Damietae
1845 767 2038 819 degebat,
2065 773 2169 813 audi-

1158 823 1197 852 ta
1231 817 1410 865 coniugis
1437 814 1549 866 Regis
1585 821 1814 867 captivitate
1830 843 1847 868 ,
1873 820 2166 873 Christianique

1157 869 1347 906 exercitus
1374 866 1515 916 clade,
1550 868 1639 910 cum
1665 874 1790 920 partui
1823 869 1931 913 effet-
1946 878 2127 923 proxima
2143 893 2166 923 z,

1157 928 1301 966 magno
1328 920 1415 960 vitae
1440 921 1616 969 periculo
1635 919 1758 965 filium
1782 927 1898 965 enixa
1924 925 2005 973 est,
2033 930 2098 967 cui
2124 931 2166 969 in

1155 967 1350 1026 Baptismo
1387 970 1535 1025 joanni
1572 976 1782 1016 nominato
1817 989 2038 1027 cognomen
2079 979 2166 1020 Tm-

1148 1017 1258 1068 staendt
1283 1022 1336 1062 est
1363 1023 1559 1072 inditum,
1586 1025 1640 1067 ob
1675 1025 1840 1069 miserias
1878 1042 2093 1078 temporum
2121 1035 2162 1073 86

1152 1083 1358 1119 parentum
1393 1075 1653 1120 calamitatem
1677 1091 1797 1133 atque
1834 1080 2023 1121 tristitiam
2043 1110 2052 1120 .
2088 1084 2162 1124 Res

1153 1123 1310 1165 tandem
1328 1130 1462 1174 majori
1481 1131 1598 1179 quam
1616 1130 1836 1181 sperabatur
1853 1129 2041 1174 facilitate
2061 1148 2166 1175 com-

1151 1174 1282 1224 positae
1308 1175 1422 1226 sunt,
1449 1185 1693 1228 captivorum
1718 1183 1878 1225 libertas
1906 1187 2032 1236 pretio
2060 1200 2164 1228 com-

1151 1239 1284 1276 parata
1312 1229 1392 1271 est.
1421 1232 1605 1274 Daniieta
1632 1235 1834 1284 restituta,
1862 1238 1902 1277 &
1930 1238 2092 1278 induciae
2120 1242 2160 1280 in

1149 1277 1378 1322 decennium
1411 1280 1599 1324 firmatae.
1637 1285 1700 1327 Ad
1737 1288 1917 1329 ultimum
1946 1287 2018 1329 rsub
2057 1289 2160 1330 istius

1148 1329 1270 1373 saeculi
1299 1331 1417 1378 finem
1440 1336 1650 1378 Ptolemais
1671 1352 1688 1385 5
1715 1342 1872 1389 Tyrus,
1900 1343 1940 1381 &
1969 1342 2158 1392 quidquid

1148 1385 1190 1423 in
1216 1385 1329 1434 Syria.
1355 1385 1587 1428 Christianae
1622 1389 1787 1432 ditionis
1820 1390 2008 1433 residuum
2031 1405 2114 1432 erat
2140 1419 2158 1441 ,

1146 1436 1188 1474 in
1225 1438 1510 1479 Saracenorum
1554 1441 1784 1488 potestatem
1820 1443 1970 1484 rediit:
2011 1457 2058 1483 ex
2096 1445 2161 1486 eo.-

1147 1499 1224 1537 que
1251 1485 1440 1537 deficrunt
1469 1491 1783 1536 Christianorum
1809 1497 1850 1535 in
1869 1498 2071 1537 Orientem
2097 1511 2161 1535 ex-

1145 1536 1336 1581 cursiones
1348 1569 1358 1580 .
1378 1540 1553 1584 Alteram
1570 1543 1866 1588 tamenvsacram
1876 1547 2159 1595 expeditionem

1144 1589 1227 1631 Rex
1247 1587 1402 1634 sanctus
1423 1597 1464 1633 in
1492 1591 1670 1637 Africam
1690 1611 1834 1639 contra
1863 1600 2075 1639 Saracenos
2104 1599 2162 1640 str-

1144 1639 1263 1690 scepit
1282 1667 1300 1690 ,
1334 1644 1536 1696 castrisque
1572 1648 1626 1688 ad
1657 1651 1857 1690 Tuncrum.
1899 1649 2032 1698 politis
2051 1676 2066 1699 ,
2103 1657 2187 1693 in-.

1142 1707 1304 1745 gruente
1332 1711 1399 1746 per
1425 1703 1640 1741 exercitum
1666 1701 1878 1749 pestilentia
1906 1704 2112 1745 contactus
2138 1729 2155 1753 2

1143 1746 1412 1789 sanetiffimum
1438 1749 1610 1798 spiritum
1637 1753 1728 1793 Deo
1753 1753 1915 1795 reddidit
1943 1769 2051 1795 anno
2075 1771 2156 1807 eta·

1143 1802 1194 1839 ris
1223 1802 1282 1848 56.
1310 1801 1433 1852 Regni
1467 1814 1533 1853 44.
1568 1803 1716 1845 Christi
1756 1818 1867 1854 1270.
1896 1807 2157 1855 Rexiustitia:

1142 1850 1396 1894 tenaciffimus.
1416 1878 1432 1901 2
1465 1853 1699 1897 Christianae
1735 1861 1887 1907 pietatis
1927 1857 2151 1908 columen,

1140 1903 1315 1947 Ecclefiae
1361 1919 1591 1960 morumque
1633 1906 1853 1950 sanctitatis
1893 1911 2152 1963 propagandae

1141 1954 1452 2008 studiofiffimus,
1479 1957 1722 2003 subditorum
1754 1961 1967 2011 delicium,
2002 1967 2158 2005 miietae-

1139 2007 1275 2049 bilium
1301 2010 1548 2063 personarum
1587 2015 1769 2063 providus
1805 2028 1946 2064 tutor,
1972 2030 2107 2060 eorum
2131 2042 2150 2067 2

1140 2064 1209 2111 qui
1242 2063 1566 2112 opprimebantur
1586 2092 1602 2114 2
1639 2066 1822 2121 refugium
1859 2070 1899 2111 δε
1932 2066 2147 2121 defensori,

1137 2115 1347 2156 criminum
1372 2129 1464 2158 toto
1491 2116 1560 2161 suo
1588 2131 1708 2172 tegno
1736 2125 2002 2174 magnanimus
2042 2138 2148 2165 aver?

1135 2179 1323 2208 runcator
1339 2183 1387 2209 ac
1403 2169 1610 2220 depulsor,
1625 2174 1797 2215 moribus
1813 2177 1942 2216 &vita
1960 2179 2147 2219 innocen-

1136 2216 1316 2260 tiffimus:
1339 2224 1406 2272 qui
1438 2236 1485 2263 ue
1509 2223 1531 2264 a
1548 2238 1672 2273 puero
1693 2240 1828 2268 omnes
1847 2226 1869 2268 a
1897 2226 1932 2268 le
1958 2227 2142 2280 ablegans

1134 2270 1382 2321 voluptates,
1426 2277 1678 2326 requenribus
1696 2281 1840 2326 jeiuniis
1859 2281 1899 2319 &
1927 2278 2074 2328 hispido
2091 2285 2145 2323 ci—

1134 2321 1227 2362 licio
1254 2317 1433 2372 pudicum
1460 2342 1600 2376 corpus
1625 2332 1869 2372 macerabat?
1891 2345 1976 2372 uno
1999 2332 2146 2381 verbe,

1131 2378 1307 2415 omnium
1333 2378 1522 2419 concursu
1549 2385 1734 2422 virtutum
1749 2380 2147 2434 consummatilsimus.

1187 2439 1245 2476 15.
1281 2426 1458 2470 Redaeto
1491 2434 1531 2470 in
1568 2434 1744 2475 ordinem
1780 2435 1975 2475 Fricletico
2012 2435 2142 2477 secun.-

1131 2479 1206 2525 do,
1235 2478 1298 2518 diu
1328 2479 1548 2524 Romanum
1577 2490 1730 2526 vacavit
1755 2487 1982 2534 imperium,
2011 2489 2140 2530 donec

1128 2543 1254 2570 anno*
1276 2543 1388 2582 1273.
1420 2532 1619 2578 Electores
1654 2541 1703 2578 iu*
1730 2536 1946 2580 Rodulfum·
1973 2542 2143 2588 Harpur-

1126 2581 1276 2630 gensem
1306 2584 1522 2655 ComitemX
1543 2593 1821 2638 conveniunt,
1855 2590 1905 2630 ab
1943 2589 2087 2639 justitia
2123 2612 2140 2641 3

1125 2634 1312 2685 religione
1328 2660 1346 2682 ,
1379 2636 1598 2691 bellicaque
1634 2639 1863 2682 fortitudine
1897 2645 2142 2686 commenda-

1126 2684 1241 2727 bilem
1257 2714 1267 2725 .
1293 2690 1368 2728 Hic
1404 2686 1470 2729 sua
1504 2704 1720 2734 contentus>
1744 2695 1957 2736 Germania
1975 2720 1990 2742 ,
2019 2696 2138 2738 confi-

1125 2738 1178 2779 lia
1204 2738 1388 2781 adeundae
1423 2741 1546 2784 Italiae
1580 2742 1812 2793 superiorum
1849 2749 2135 2801 Imperatorum

1123 2789 1270 2840 scopuli
1307 2793 1521 2840 repudiavit
1541 2822 1555 2834 .
1586 2797 1659 2838 Sed
1687 2796 1824 2838 habuit
1861 2802 1900 2838 in
1930 2802 2007 2845 ipia
2035 2801 2133 2840 Ger-

1121 2847 1253 2884 mania
1280 2844 1530 2886 victoriarum
1549 2844 1738 2897 segetem,
1763 2849 1926 2898 primum
1953 2854 1995 2891 in
2014 2854 2134 2892 Otto-

1119 2909 1216 2936 caro
1236 2895 1420 2947 Bohemie
1438 2898 1541 2948 Rege
1557 2899 1796 2949 rebellante,
1814 2914 1929 2952 quem
1950 2906 2063 2944 armis
2082 2905 2133 2946 ad

1120 2945 1290 2990 officium
1325 2954 1526 2990 revocavit
1534 2969 1548 2994 ‚-
1575 2948 1638 2992 sed
1664 2955 1848 3002 reparatis
1875 2953 2017 2995 viribus
2046 2957 2132 3004 post

1119 3003 1275 3042 veniam
1292 2999 1418 3041 adhuc
1438 2999 1729 3044 insolescentem
1744 3007 1827 3046 acie
1853 3003 2068 3056 superavit,
2090 3011 2132 3049 in

1117 3065 1198 3104 qua
1228 3055 1446 3093 Ottocarus
1481 3052 1555 3101 ipse
1583 3069 1800 3107 peremptus
1826 3056 1878 3098 est
1895 3086 1905 3096 .
1931 3059 2028 3108 Qo
2056 3057 2134 3101 suc-

1115 3103 1214 3146 ceffu
1250 3102 1435 3152 Austria,
1464 3118 1550 3198 guae
1564 3105 1689 3149 suerat
1725 3112 1933 3157 ottocari,
1961 3110 2131 3153 Alberto

1115 3154 1274 3199 Rodolfi
1293 3157 1449 3198 victoris
1493 3157 1550 3198 lio
1572 3153 1779 3208 concessa,
1807 3160 2129 3204 Austriacaefami.

1114 3208 1174 3248 liae
1194 3208 1354 3259 Regium
1365 3206 1590 3252 feraciffimae
1610 3211 1823 3261 inposteris
1837 3227 1982 3254 nomen
2001 3215 2127 3258 dedit.

1115 3264 1303 3301 Praeterea
1332 3260 1628 3304 Helveticos-=&
1653 3264 1968 3315 Burgundiones,
1994 3270 2127 3319 jugum

1113 3313 1397 3360 detrectantes,
1426 3317 1598 3362 repetitis
1617 3317 1740 3366 preliis
1759 3319 1931 3357 attrivit.
1950 3318 2122 3362 Helvetii

1112 3378 1242 3406 tamen
1261 3362 1329 3407 sub
1346 3368 1425 3413 ejus
1445 3363 1527 3406 filio
1549 3381 1595 3407 ac
1615 3365 1822 3410 successore
1840 3368 2028 3417 Albetto,
2054 3382 2124 3412 ex—

1111 3416 1216 3458 cusso
1245 3418 1396 3464 Imperii
1423 3421 1511 3468 jugo
1530 3443 1545 3466 ,
1574 3416 1610 3460 se
1639 3433 1679 3460 m
1705 3419 1927 3462 libertatem
1964 3420 2123 3466 asserue-

1114 3483 1202 3511 runt
1222 3498 1231 3508 .
1259 3467 1427 3510 Familiae
1455 3469 1662 3512 Austriacae
1689 3474 1867 3524 ingentes
1906 3473 2119 3527 progressus

1111 3520 1340 3569 Rodulphus
1365 3535 1414 3561 ex
1442 3522 1699 3577 Harpurgenfi
1728 3525 1890 3567 Comite
1923 3527 1973 3567 ad
2002 3530 2119 3576 Impe-

1112 3578 1210 3614 rium
1248 3573 1401 3614 evetstus
1429 3577 1645 3622 auipicatus
1682 3573 1757 3616 est.
1788 3579 1862 3619 Hic
1888 3582 1992 3619 enim
2019 3580 2119 3627 post·

1107 3639 1227 3677 quam
1246 3624 1440 3668 Austriam
1454 3626 1806 3721 rebellisffitlocaro
1827 3634 1990 3681 eripuit,
2016 3633 2054 3668 &
2075 3633 2115 3673 in

1688 3694 1702 3719 ¹
1756 3692 1776 3732 3

1942 3679 2065 3722 filium
2110 3731 2116 3736 ¹
2145 3743 2148 3746 y
