2430 3958
755 143 829 221 H
840 138 1126 221 istorica
1190 139 1550 250 Synop'fis.

21 263 23 267 '
63 253 336 308 profanasque
353 271 446 307 opes
467 257 569 298 urbis
590 282 606 305 5
633 269 720 307 quae
743 253 922 307 immense
943 268 1092 302 etanta,

74 309 371 361 quatuordecim
388 311 534 351 dierum
544 309 764 358 ‘direptione
780 307 954 350 abstulit.
965 306 1095 348 Eudo-

74 363 180 401 xiam
199 358 417 412 Augustam·
431 360 584 414 ejusque
606 359 704 402 filias
722 361 856 402 ambas
874 360 1092 402 Eudoxiana

74 417 334 463 cognomine,
362 417 402 455 &
425 415 638 456 Placidiam
656 415 925 456 Valentinano
942 414 1031 463 geni
1051 425 1092 452 as

16 468 19 511 ’ζ
76 464 359 515 Carthaginem
368 467 552 514 abduxit,
575 467 596 506 ὲ
608 465 745 517 quibus
758 465 975 507 Eudoxiam
986 465 1093 504 Hun-

16 531 19 571 ,ss
75 518 210 560 nerico
235 515 321 558 filio
342 522 547 572 conjugem
569 519 672 559 dedit
690 533 702 563 3
724 515 950 559 ‘placidiam
970 515 1061 557 vero
1075 538 1091 563 5

73 571 252 620 quiajam
272 568 443 620 Olybrio
470 569 676 621 nupserat,
702 567 883 611 servavit.
1030 581 1033 585 ’

80 652 86 656 v
126 622 192 662 28.
220 622 343 663 Porro
357 624 535 665 Eudox'ia
545 623 744 663 ambarum
763 632 886 661 mater
904 632 952 658 ex
962 617 1090 660 Theo·

69 670 181 715 dofio
198 677 371 723 juniore,
400 678 439 717 δε
454 680 530 726 ejus
540 677 703 725 conjuss
715 671 892 714 Eudocia
910 668 1090 711 natasue.

70 737 132 766 rat
151 753 161 763 ·
198 726 385 778 Contigit
403 728 473 769 illa
499 742 564 777 per
583 723 785 768 Vandalos
805 723 986 763 Romana
1009 723 1086 762 cla-

15 818 18 828 ,
70 775 137 817 des
171 790 281 818 anno
314 792 404 829 455.
431 794 512 831 quo
540 781 661 818 etiam
693 775 816 815 multa
843 777 1086 823 captivorum

69 826 194 867 millia
223 832 450 872 Vandali-in
478 828 648 872 Africam
675 827 944 872 abduxerunt.
980 829 1085 868 Van·

16 882 17 927 Ῑ
69 878 250 920 dalmtun
287 880 496 934 progressus
530 883 592 922 hic
627 879 697 920 fuit
724 894 772 922 ex
808 892 891 930 quo
917 881 1082 928 propriis

15 930 18 971 ἶ
69 930 215 973 relictis
253 931 400 975 sedibus
434 935 610 977 Rhenum
645 935 879 980 trajecerunt
901 959 912 970 .
958 929 1082 972 Anno

69 990 158 1034 406.
185 984 236 1025 ab
263 985 472 1028 ambitioso
500 986 692 1028 stilicone
720 986 836 1025 exciti
857 986 899 1023 in
926 983 1081 1024 Gallias

15 1038 17 1043 ’
71 1035 345 1085 populabundi
383 1051 661 1084 excurrerunt,
699 1049 741 1078 ut
769 1035 896 1078 scribit
923 1033 1081 1084 Prosper

67 1087 109 1126 in
140 1088 368 1130 Chronico.
395 1091 489 1132 Inde
510 1089 733 1141 Pyrenaeum
747 1103 855 1129 anno
883 1100 1080 1138 409.tran-

65 1136 186 1232 ⁴{gressi
212 1139 416 1191 Hispanias
441 1142 756 1184 devastaverunt.
785 1143 862 1182 Eos
890 1139 1009 1188 porro
1038 1143 1078 1181 in

88 1188 199 1235 Vfrica
230 1191 353 1234 sedem
390 1199 496 1246 mgni
527 1193 694 1236 stabilire
728 1206 917 1236 conantes
945 1191 1078 1242 perdiu

64 1241 204 1290 repulit
231 1243 281 1284 ab
310 1250 387 1295 ejus
416 1246 610 1288 littoribus
646 1244 868 1287 Bonifacius
892 1246 1034 1285 Comes
1061 1269 1077 1292 5

62 1291 126 1336 sed
163 1307 307 1336 tamen.
333 1311 464 1338 mutua
501 1298 772 1338 Romanorum
808 1296 1077 1347 praefectorum

15 1372 40 1396 g
63 1345 313 1393 aemulatione
341 1353 477 1391 omnia
505 1348 646 1399 pessum
673 1353 800 1391 ivere.
834 1349 1078 1391 Bonisacium

63 1402 169 1441 enim
191 1399 329 1465 Aetius
355 1403 590 1452 proditionis
609 1401 872 1450 infimulav1t‚
900 1400 1078 1454 misitque

63 1450 244 1494 adversus
273 1469 360 1495 eum
390 1455 640 1506 sigisvultum
662 1480 677 1503 5
713 1458 754 1496 &
787 1458 950 1503 copias,
993 1467 1078 1506 quae

16 1552 17 1555 Ἴ
61 1502 306 1547 bonifacium
333 1508 657 1554 circumstabant,
685 1507 912 1548 revocavit:
942 1507 1006 1548 hic
1023 1521 1078 1547 er-

13 1558 17 1606 ξ
61 1567 115 1605 go
142 1553 178 1597 se
206 1559 257 1598 im
352 1575 388 1600 m
413 1560 682 1600 Romanorum
715 1559 856 1599 viribus
884 1574 1044 1600 cernens
1061 1584 1077 1606 5

63 1611 249 1659 omnique
346 1615 461 1653 itutus
475 1612 651 1660 auxilio,
678 1611 1077 1661 Vandalorumoopem

60 1657 350 1714 praesidiumque
392 1662 582 1715 requisivit
604 1693 614 1703 .
661 1663 783 1704 Anno
816 1666 951 1715 itaque
1018 1676 1078 1713 27.

14 1715 16 1768 ζ
59 1710 292 1755 Gensericus
313 1730 399 1756 cum
415 1718 616 1768 octoginta
635 1716 902 1757 Vandalorum
929 1718 968 1756 δε
1025 1716 1078 1756 la-

13 1784 17 1818 3
59 1777 200 1804 norum
220 1766 388 1809 mill-ibus
408 1766 578 1809 Africam
596 1771 822 1817 occupavit.
853 1765 1077 1810 Bonifacius

58 1816 222 1859 veroin
243 1823 407 1870 gratiam
437 1822 706 1861 Romanorum
724 1821 943 1868 restitutus,
971 1822 1077 1881 Van-

57 1867 172 1909 dalos
207 1873 321 1913 armis
355 1872 541 1920 repellere
578 1885 777 1920 conatus,
822 1873 873 1912 ab
908 1875 959 1913 eis
994 1875 1075 1912 a'cie

56 1921 228 1970 vincitur
248 1949 258 1960 .
305 1921 434 1963 Gense
459 1926 463 1931 ’
493 1938 534 1964 us
572 1937 700 1963 annos
739 1926 899 1974 triginta
934 1921 1075 1972 septem

15 2017 16 2020 Ἴ
53 1973 98 2012 in
128 1969 262 2014 Africa
299 1988 505 2025 regnavit.
541 1976 623 2026 Qui
656 1973 761 2015 hunc
789 1977 939 2025 excepit
973 1973 1074 2015 filius

13 2064 15 2071 ,
38 2025 304 2073 aeflunnericus
325 2052 341 2075 5
377 2042 485 2068 anno
501 2030 606 2079 regni
624 2024 678 2068 sui
693 2027 838 2068 octavo
855 2041 900 2068 ac
911 2026 1074 2075 ultimo,

48 2074 214 2129 ³quifi1it
244 2078 391 2120 Christi
410 2083 501 2133 484.
524 2093 566 2121 ut
584 2077 689 2120 suam
716 2077 905 2120 Arianam
924 2079 1074 2131 religio-

12 2150 15 2185 ζ
49 2141 144 2174 uem
175 2142 407 2184 propagaret
425 2130 675 2189 „Ecclefiam
703 2131 898 2174 violenter
924 2130 1075 2185 oppres-

13 2220 15 2222 .
51 2178 119 2229 fit,
146 2185 204 2222 Ut
222 2189 328 2225 enim
355 2183 470 2226 refert
486 2182 628 2226 Victor
657 2182 849 2225 Uticensis
867 2187 907 2225 in
936 2183 1008 2227 suis
1026 2179 1073 2225 de

12 2235 14 2239 ’
50 2230 317 2289 persecutione
344 2237 566 2279 Vandalica
592 2235 730 2284 libris,
759 2250 894 2278 omnes
921 2235 1072 2277 Catho-

14 2317 15 2320 ,
53 2284 220 2342 licorum
247 2302 468 2330 conventus
496 2288 695 2331 interdixit
714 2312 729 2335 5
768 2302 903 2329 eorum
942 2287 1072 2329 Eccle-

49 2334 120 2378 sias
133 2338 322 2389 occlusit,
351 2354 443 2390 opes
459 2355 596 2383 eorum
614 2355 750 2382 omnes
778 2344 918 2390 partim
947 2340 1014 2381 suo
1033 2338 1072 2378 fi-

49 2386 142 2439 sce,
170 2395 310 2439 partim
339 2390 684 2443 pseudo-episcopis
711 2394 892 2440 Ariani53
920 2406 1070 2433 eorum·

80 2455 125 2484 ue
151 2441 318 2485 ecclesiis
328 2445 499 2495 addixit;
525 2445 759 2486 orthodoxis
769 2443 991 2493 exspoliatis
1001 2443 1071 2484 ho-

63 2497 229 2544 pitium,
258 2499 297 2537 δε
325 2497 499 2546 cibaria,
529 2495 1068 2550 vestimentaque-suppedita-

14 2563 15 2576 ÷
46 2549 79 2587 ri
96 2543 173 2587 sub
190 2549 371 2600 gravibus
391 2553 518 2598 poenis
545 2549 748 2598 prohibuit
770 2569 786 2598 5
814 2549 914 2590 adeo
943 2563 985 2590 ut
1011 2551 1069 2590 in-

32 2602 196 2640 <numeri
225 2599 291 2641 sub
330 2602 430 2650 dio,
468 2614 537 2642 aut
574 2605 614 2641 in
656 2600 809 2643 desertis
842 2602 1024 2652 degentes
1050 2627 1066 2650 5

45 2645 168 2700 same,
198 2651 280 2701 siti,
306 2651 448 2705 frigore
467 2657 672 2703 perierint.
699 2652 849 2694 Feralia
866 2656 971 2694 enim
986 2658 1065 2701 ejus

44 2702 174 2744 edista
200 2703 269 2746 sub
294 2709 450 2748 initium
475 2703 610 2747 menfis
636 2705 830 2747 Februarii
847 2705 1066 2758 promulga-

42 2766 88 2796 ta
111 2753 216 2798 suere
239 2786 249 2797 .
285 2761 372 2798 Hac
399 2761 441 2798 in
477 2755 744 2808 persecutione
772 2760 863 2799 diris
890 2761 1066 2799 cruciati..

42 2805 114 2850 bus
142 2810 182 2850 δε
208 2810 376 2851 caedibus
393 2813 438 2856 -in
465 2824 623 2851 omnem
641 2808 796 2858 sexum,
827 2824 1063 2862 omnemque

12 2887 13 2890 =
47 2861 318 2903 conditionem
346 2861 515 2903 saevitum
543 2861 596 2902 est
616 2891 626 2902 .
664 2860 842 2911 Episcopi
860 2860 971 2912 supra
997 2864 1063 2904 du·

42 2926 178 2956 centos
205 2917 435 2968 trigintayin
458 2911 606 2955 diversa
632 2912 719 2955 sunt
746 2914 864 2956 exilia
881 2914 1063 2966 relegati.

11 3014 13 3019 .
44 2964 280 3015 Complures
308 2965 658 3024 linguis⁸radiciti1s
680 2964 811 3008 excisis
829 2991 844 3014 5
871 2981 919 3008 ac
941 2970 1062 3009 mani-

11 3063 13 3066 .
45 3015 117 3069 bus
142 3015 370 3072 truncatis&
401 3023 441 3060 in
469 3013 619 3060 diversa
633 3018 724 3059 loca
750 3031 925 3060 extorres
944 3044 959 3067 5
994 3033 1061 3068 per

11 3087 13 3126 3
43 3068 267 3112 mirdculum
294 3071 744 3123 perfecue‘distincreque
771 3071 1061 3123 loquebantur.

10 3127 13 3159 ζ
42 3122 196 3162 Horum
222 3137 320 3165 unus
340 3150 354 3174 5
388 3139 430 3166 ut
457 3128 497 3165 in
529 3123 708 3175 Dialogis
736 3125 946 3175 Gregorius
975 3126 1059 3164 Ma-

15 3183 140 3225 ‚gnus
166 3173 309 3224 refert,
345 3179 551 3228 postquam
589 3180 629 3217 in
665 3174 968 3217 fornicationem
1005 3176 1060 3217 lm

3 3234 19 3286 *l
42 3220 128 3272 PsUS
154 3224 230 3274 ests
258 3233 420 3278 gratiam
445 3229 617 3282 loquelae
637 3227 776 3269 amisit.
802 3228 877 3270 Sed
903 3225 971 3267 sub
991 3243 1059 3269 an-

14 3289 18 3337 g
42 3279 86 3317 ni
111 3272 229 3317 finem
255 3280 522 3323 Hunnericum
563 3283 710 3323 Divina
738 3281 839 3321 ultio
866 3283 1017 3328 excepit
1040 3306 1056 3328 5

0 3343 19 3405 ι
41 3330 110 3378 qui
137 3326 160 3369 a
197 3331 382 3374 vermibus
415 3333 587 3375 corrosus
624 3331 815 3374 saeviendi‘
837 3345 957 3384 atque
992 3335 1057 3374 vi·-

0 3390 5 3399 ’
42 3379 156 3420 vendi
183 3378 300 3421 finem
327 3381 483 3426 habuit.
645 3425 651 3434 ,.

15 3437 17 3443 ’
93 3446 155 3479 29·
183 3433 332 3475 Saeculo
352 3435 502 3478 demum
521 3437 591 3478 isto
616 3438 836 3479 Romanum
847 3437 1053 3485 Imperium

42 3485 81 3524 in
109 3486 330 3526 Occidente
364 3489 562 3529 concidit.
596 3488 740 3530 Avitus
776 3489 916 3530 Gallus
944 3501 1052 3531 anno

0 3563 18 3601 ,Ἴ
40 3545 128 3591 455.
146 3537 230 3590 post
248 3539 412 3581 Maximi
423 3553 588 3582 mortem
611 3541 660 3582 ab
681 3545 856 3589 exercitu
870 3541 1053 3585 Romano

15 3487 17 3495 ι

15 3685 18 3722 l

15 3797 18 3851 ἱ

1939 173 2090 245 157

1138 255 1176 294 in
1202 254 1334 297 Gallia
1362 253 1593 307 consistente
1613 261 1862 301 renunciatus
1891 259 1993 311 apud
2019 259 2144 302 Tolo-'

1135 305 1214 347 sam
1231 308 1443 355 Imperator
1459 333 1474 356 5
1514 321 1645 358 pacem
1672 325 1759 351 cum
1790 312 1936 355 Gothis
1955 311 2142 354 firmavit.

1135 358 1210 400 Sed
1227 373 1338 399 anno
1366 357 1583 411 sequentia
1610 358 1680 404 suis
1704 362 1904 404 destitutus
1930 365 2143 406 Placentiae

1135 413 1325 460 privatam
1351 411 1400 452 ad
1427 410 1568 453 sortem
1595 414 1767 456 redactus
1785 415 1837 455 est
1855 443 1875 454 .-
1902 418 2142 464 Maiorianus

1135 462 1191 502 illi
1217 460 1399 504 successor
1413 463 1525 504 datus
1542 488 1557 511 5
1591 478 1684 515 mox
1699 481 1723 507 a
1750 467 1938 508 Ricimere
1968 471 2049 510 vita
2069 471 2144 510 Im-

1133 517 1314 566 perioque
1326 519 1500 566 privatur
1511 542 1523 555 .
1550 517 1636 564 Ejus
1653 519 1746 559 loco
1763 515 1941 561 sufficitur
1956 523 2114 562 Severus
2125 546 2141 569 5

1131 565 1292 612 ejusdem
1310 568 1508 608 Ricimcris
1526 565 1696 610 factione
1716 596 1731 617 5
1758 586 1782 611 a
1799 584 1880 622 quo
1907 573 2044 614 deinde
2060 588 2142 622 per-

1129 616 1210 659 fido
1229 618 1418 660 Ricimere
1436 633 1589 660 veneno
1609 625 1829 669 perimitur.
1854 623 1959 664 Idem
1977 639 2069 665 mox
2079 625 2142 679 R}-

1129 673 1246 711 cimer
1266 669 1463 723 utriusque
1487 672 1633 713 militiae
1660 673 2142 717 Praefectus¹Anthemium

1128 726 1332 771 patricium
1350 739 1398 765 ex
1414 724 1564 765 Graecia
1576 727 1615 764 in
1632 726 1833 776 Imperium
1842 725 2022 775 accerfit,
2050 727 2140 776 ejus-

1126 788 1205 867 gue
1219 772 1263 815 fit
1288 790 1424 827 geners
1455 776 1516 817 sed
1533 774 1705 817 socerum
1724 777 1826 819 haud
1843 779 1968 821 multo
1989 778 2074 828 post
2085 782 2141 820 in-

1155 827 1223 868 dus
1243 842 1357 878 gener
1381 831 1461 868 vita
1479 842 1567 868 cum
1597 830 1761 876 Imperio
1778 829 1917 879 spoliat
1935 857 1947 877 ‚
1984 828 2067 880 ejus
2092 845 2140 872 ue

1126 882 1166 919 in
1194 883 1316 921 vicem
1343 880 1553 929 Olybrium
1582 877 1803 922 substituit:
1838 887 1901 924 cui
1924 884 2032 924 brevi
2060 843 2138 925 suc-

1125 931 1227 972 cessit
1259 933 1492 983 Glycerius,
1528 934 1569 973 &
1592 932 1780 980 Glycerio
1808 934 1932 989 Julius
1956 937 2093 983 Nepos
2120 960 2137 984 5

1123 984 1274 1033 Nepoti
1291 984 1467 1032 Orestes,
1495 984 1669 1026 Orestem
1684 985 1816 1034 praelio
1836 988 1981 1030 vidium
2009 987 2141 1028 Odoa.

1122 1051 1186 1076 cer
1203 1035 1346 1078 sustulit
1368 1054 1377 1076 :
1405 1041 1466 1078 cui
1491 1050 1623 1078 tamen
1643 1035 1746 1078 filius
1775 1039 1991 1090 Momyllus
2017 1039 2141 1080 dietus

1122 1087 1315 1139 Augustus
1343 1090 1455 1130 datus
1481 1088 1534 1129 est
1562 1086 1771 1138 successor,
1800 1091 1923 1133 dictus
1949 1105 2017 1141 per
2045 1092 2144 1134 ludi.

1121 1140 1246 1181 brium
1284 1141 1468 1193 Augustul
1499 1157 1545 1185 ss
1585 1144 1625 1181 in
1654 1143 1730 1182 hoc
1766 1141 1871 1184 desiit
1909 1144 2139 1185 Occidentis

1119 1195 1348 1242 Imperium,
1378 1207 1459 1244 quo
1507 1197 1546 1233 in
1570 1192 1744 1244 Augusto
1763 1194 1940 1236 exorsum
1956 1221 1970 1244 5
2000 1199 2041 1237 in
2060 1194 2140 1239 Au.

1119 1245 1270 1296 gustulo
1299 1251 1546 1286 terminatum
1573 1245 1648 1286 est.
2014 1255 2017 1259 ·

1177 1309 1234 1348 30.
1261 1296 1767 1348 OdoacerTurcilingorum
1780 1298 1863 1339 Rex
1873 1313 1963 1339 cum
1972 1299 2130 1349 Scythis

1119 1353 1159 1391 &
1177 1350 1332 1391 Herulis
1353 1351 1605 1391 auxiliaribus
1625 1349 1799 1392 Orestem
1811 1354 1893 1390 acie
1915 1349 2137 1400 superatum

1119 1401 1289 1450 sustulit,
1317 1401 1684 1453 &Augustulumin
1709 1403 1970 1452 Campaniam
1993 1402 2140 1455 relega-

1120 1458 1196 1495 vit·
1221 1454 1510 1506 Subjugataque
1527 1453 1642 1496 Italia
1662 1454 1819 1495 titulum
1836 1456 1990 1503 Imperii
2010 1455 2136 1496 detre-

1119 1508 1254 1554 stans,
1283 1514 1366 1546 non
1383 1507 1462 1547 alio
1483 1505 1601 1557 quam
1629 1506 1742 1556 Regis
1772 1500 1932 1547 nomine
1958 1506 2138 1547 domina-

1120 1572 1180 1600 tus
1207 1559 1260 1599 est
1278 1557 1543 1608 septemdecim
1562 1560 1695 1599 annis.
1722 1557 1848 1600 Anno
1871 1559 2024 1600 demum
2043 1562 2136 1610 489.

1120 1611 1390 1652 Theodoricus
1426 1609 1654 1651 Gothorum
1687 1609 1772 1650 Rex
1805 1610 1963 1651 Italiam
1994 1608 2134 1661 ingres-

1120 1661 1210 1711 sus,
1254 1663 1475 1704 Odoacrem
1503 1662 1648 1711 triplici
1686 1662 1875 1703 conflictu
1909 1660 2135 1710 superatum

1119 1714 1247 1767 fugere
1275 1711 1505 1756 Ravennam
1532 1714 1722 1762 compulit
1744 1739 1758 1756 ·.
1796 1717 1837 1755 δε
1862 1713 1947 1762 post
1973 1716 2132 1755 triennii

1119 1765 1358 1808 obsidionem
1368 1792 1383 1815 5
1410 1765 1657 1806 fraudulenta
1668 1765 1852 1813 pactione
1862 1762 2034 1807 delusum
2043 1791 2058 1813 5
2087 1778 2132 1806 ut

1120 1818 1265 1862 scilicet
1282 1818 1400 1860 ambo
1424 1820 1622 1859 communi
1652 1820 1860 1858 autoritate
1886 1817 2041 1858 Italiam
2075 1832 2131 1858 re-

1144 1886 1274 1920 erent,
1304 1872 1467 1913 eundem
1485 1868 1604 1919 specie
1626 1872 1733 1920 pacis
1749 1870 1800 1910 ad
1815 1872 2042 1911 convivium
2064 1870 2130 1910 ad-

1117 1886 1282 1965 {ibitum
1312 1921 1508 1965 interfecit
1527 1936 1636 1963 anno
1664 1933 1754 1974 493.
1776 1934 1859 1973 quo
1882 1925 1969 1962 iniit
1997 1923 2131 1963 Ostro-

1116 1976 1330 2028 gothorum
1346 1980 1387 2017 in
1405 1975 1520 2017 Italia
1539 1988 1697 2029 regnum
1713 2000 1728 2023 5
1767 1973 1846 2015 fixa
1863 1973 2059 2015 Ravennae
2078 1989 2134 2015 re-

1143 2032 1178 2068 ia
1197 2027 1280 2070 sede
1300 2058 1309 2068 .
1346 2028 1547 2070 Permultae
1575 2028 1653 2068 hoc
1681 2022 1825 2069 infelici
1851 2026 1998 2069 saeculo
2025 2025 2133 2069 fadzae

1134 2094 1202 2122 unt
1220 2081 1445 2133 Regnorum
1469 2083 1708 2121 mutationes
1729 2082 1769 2122 &
1787 2080 1949 2122 exordia
1965 2105 1980 2129 5
2018 2082 2132 2122 Fran..

1117 2147 1251 2174 corum
1270 2133 1638 2186 &Burgundionum
1653 2136 1694 2174 in
1716 2132 1880 2181 Galliis,
1908 2131 2130 2183 Visigotho‹

1116 2199 1200 2226 rum
1218 2189 1258 2226 in
1277 2183 1471 2236 Hispaniis
1491 2209 1506 2233 5
1555 2185 1891 2237 Ostrogothorum
1918 2188 1958 2224 in
1983 2186 2096 2226 ltalia
2113 2210 2129 2233 5

1116 2235 1337 2287 Anglorum
1362 2242 1401 2278 in
1426 2241 1650 2279 Britannica
1668 2236 1799 2278 Insula
1814 2263 1829 2285 5
1857 2236 2128 2279 Vandalorum

1115 2291 1155 2328 in
1185 2287 1346 2329 Africa.
1380 2291 1476 2346 Qo
1496 2302 1671 2337 tempore
1690 2287 1829 2329 Aetius
1849 2288 1995 2328 Galliae·
2008 2287 2130 2337 praese.

1115 2341 1264 2380 &uram
1292 2354 1363 2389 pro
1392 2341 1574 2381 Romano
1596 2340 1750 2390 gerebat
1779 2343 1944 2388 Imperio
1962 2365 1976 2387 5
2005 2345 2045 2380 δε
2071 2345 2130 2381 in-

1115 2394 1278 2434 numeris
1304 2393 1486 2434 distentus
1514 2391 1685 2439 hostibus
1714 2392 1841 2432 nullas
1871 2405 2026 2440 poterat
2052 2396 2131 2436 Bri.

1113 2449 1242 2486 tannis
1269 2443 1455 2494 suppetias
1470 2442 1596 2492 serre,
1624 2444 1682 2484 isti
1711 2445 1912 2485 Pictorum
1930 2447 1970 2484 &
1989 2448 2130 2486 Scoto-

1112 2512 1195 2538 rum
1217 2496 1490 2538 hostilitatibus
1509 2499 1548 2537 &
1563 2499 1677 2538 armis
1702 2494 1866 2537 resistere
1884 2511 1965 2535 non
1987 2494 2125 2538 xvalen-

1111 2563 1168 2591 tes
1186 2575 1201 2597 5
1242 2548 1394 2600 Anglos
1411 2552 1452 2588 in
1469 2548 1655 2589 auxilium
1674 2562 1722 2587 ex
1744 2550 1957 2588 Germania
1977 2553 2125 2591 accive-

1110 2615 1202 2642 runt
1219 2629 1229 2640 .
1258 2603 1308 2642 Et
1338 2599 1489 2653 Anglos
1508 2600 1664 2652 quidem
1692 2603 1795 2640 inter
1824 2602 2040 2641 Germaniae
2057 2615 2128 2650 po-

1108 2654 1221 2703 pulos
1240 2652 1411 2694 recenset
1431 2654 1592 2694 Tacitus
1620 2655 1659 2692 in
1680 2650 1751 2693 suo
1771 2652 2007 2704 demoribus
2029 2655 2125 2693 Ger-

1108 2720 1314 2746 manorum
1342 2704 1480 2746 libello
1500 2733 1509 2743 .
1546 2703 1667 2753 Angli
1694 2701 1761 2744 sub
1790 2704 1894 2755 Rege
1922 2707 2125 2755 Vitigerne

1107 2757 1323 2807 compressis
1341 2759 1472 2799 Scotis
1494 2759 1534 2797 δε
1556 2758 1672 2796 Pictis
1691 2780 1707 2802 5
1734 2757 1972 2803 Britannos,
2001 2771 2025 2796 a
2072 2759 2127 2796 ui.

1106 2810 1178 2852 bus
1201 2809 1399 2859 implorati
1426 2808 1578 2851 fuerant
1595 2833 1610 2855 5
1645 2806 1713 2848 sub
1740 2809 2021 2848 dominationis
2042 2769 2121 2849 suae

1107 2867 1235 2915 jugum
1263 2859 1538 2908 submiserunt,
1567 2873 1609 2900 ut
1630 2859 1797 2900 referunt
1808 2860 1909 2900 Beda
1929 2859 1995 2900 lib.
2020 2875 2052 2900 1.
2074 2862 2123 2902 de

1105 2915 1216 2966 gestis
1235 2911 1456 2964 Anglorum
1482 2926 1565 2961 cap.
1594 2913 1651 2952 16.
1669 2911 1810 2952 Gildas
1835 2914 2086 2953 Britannicus
2103 2937 2122 2960 5

1105 2967 1247 3008 Paulus
1270 2968 1474 3007 Diaconus
1486 2965 1552 3004 lib.
1576 2976 1634 3014 14.
1651 2961 1826 3004 adfinem
1841 2992 1851 3002 .
1879 2967 2122 3005 Venetorum

1103 3022 1244 3068 pariter
1270 3020 1407 3058 civitas
1434 3020 1475 3058 δε
1500 3014 1714 3066 respublica
1734 3040 1750 3063 5
1785 3016 1876 3056 dum
1904 3017 2121 3065 imperabat

1102 3071 1402 3114 Valentinianus
1436 3072 1572 3110 tertius
1595 3093 1610 3115 5
1646 3066 1711 3108 sua
1739 3066 1877 3108 habuit
1911 3069 2077 3110 exordia.
2100 3095 2118 3118 5

1101 3123 1211 3167 Italis
1240 3120 1430 3172 plerisque
1449 3147 1465 3169 5
1492 3122 1582 3162 dum
1611 3118 1741 3160 Attila
1766 3117 1952 3160 finitimas
1979 3118 2118 3162 Adria·

1102 3179 1184 3216 tico
1204 3172 1298 3214 finui
1316 3187 1430 3228 oras,
1459 3171 1656 3223 ipsamque
1685 3171 1906 3222 Aquileiam
1927 3178 2043 3215 armis
2059 3177 2116 3214 in-

1100 3226 1277 3273 festaret,
1304 3223 1377 3266 lese
1403 3240 1452 3266 ex
1469 3225 1619 3265 urbium
1649 3223 1839 3263 incendiis
1859 3227 1900 3265 &
1925 3227 2046 3267 ruinis
2071 3229 2113 3266 in

1100 3279 1273 3322 aestuaria
1301 3277 1370 3326 illa
1398 3276 1687 3332 recipientibus-

1153 3343 1199 3383 3¹·
1228 3330 1304 3379 Isto
1330 3328 1468 3371 eodem
1496 3328 1634 3370 iaeculo
1652 3353 1668 3376 5
1704 3326 1916 3370 monastica
1935 3327 2113 3378 professio

1099 3388 1139 3426 in
1169 3380 1444 3431 multiplicibus
1473 3383 1642 3422 Orientis
1670 3382 1709 3421 &
1737 3381 1965 3423 Occidentis
1991 3382 2112 3434 plagis

1096 3436 1256 3481 illustria
1269 3437 1507 3475 incrementa
1517 3431 1667 3480 sumpsit
1679 3461 1689 3472 .
1718 3432 1889 3474 Primum
1900 3435 2055 3485 quidem
2071 3439 2111 3474 in

1097 3490 1273 3534 Graecia,
1303 3487 1459 3533 Ponto,
1488 3489 1526 3525 &
1551 3483 1640 3525 Afia
1658 3509 1673 3532 5
1701 3482 1767 3525 sub
1785 3483 1920 3537 ipfigni
1937 3483 2111 3527 asceticae

1097 3547 1187 3586 vitae
1208 3538 1430 3591 legislatore
1455 3528 1592 3578 Basilio
1615 3534 1801 3629 gaesareae
1825 3537 2108 3630 (ἶαιίξειάςῇςιιιῃ

1651 3628 1654 3633 .
1941 3602 1998 3630 nti
2032 3603 2059 3629 ι.
