2430 3958
693 167 983 250 Rerum
1042 165 1543 250 Notabiliurri.

34 275 41 328 f.
98 283 265 318 sacrorum
275 282 454 318 Librorum
463 281 599 317 celebris
608 304 619 321 ,
642 280 840 324 martyrium
849 280 932 322 subit
949 279 1110 315 Maximi-

54 339 56 343 >
102 337 148 358 no
160 325 382 369 persecutore.
406 335 437 366 p.
448 332 497 367 ςς.

205 385 208 386 ⁷
242 378 245 379 ⁷
529 367 651 400 Lucilla
760 398 762 403 ,

139 409 274 444 Lucilla
294 406 377 441 odio
388 407 508 448 percita
526 408 562 442 in
581 405 800 441 Caecilianum
817 407 1108 455 Carthaginensem

93 451 295 526 'Epgsg'copum
306 447 443 483 schisma
456 448 710 484 Donatistarum
723 460 782 490 pro
792 449 914 484 viribus
927 459 1110 493 promovet.

120 517 127 525 .
183 517 190 525 .
203 503 236 527 n.
247 502 274 524 1.

71 547 75 552 ’
96 504 118 537 Ρ
182 529 186 537 ’
262 566 269 567 .
495 537 600 572 Lucius
610 559 618 567 .
646 537 651 541 ’

133 574 258 610 Lucius
268 573 418 610 Pontifex
429 575 530 610 Rom.
542 576 598 610 sub
608 575 1109 623 ValerianoMartyr.p.5a.n.16.

136 617 258 651 Lucius
270 615 457 651 Britanniae‘
470 617 550 652 Rex·
561 618 601 650 ab
617 618 813 657 Eleutherio
833 617 920 660 Papa
938 617 1058 660 expetit
1074 620 1108 650 δε

91 659 245 700 impetrat
254 658 480 698 praedieatores
500 659 695 693 Christianae
705 659 912 702 Religionis.
935 671 965 701 p.
973 671 1025 702 49.

457 700 626 734 Ludovi'ius
647 705 742 735 Pius.
1048 712 1051 715 “

136 742 326 776 Ludovicus
342 741 418 775 Pius
429 744 610 788 Imperator
620 743 822 776 Bernardum
831 753 870 775 ex
888 742 988 776 fratre
1008 754 1110 784 nepo-

86 792 164 826 tem
175 783 366 817 rebellionis
376 793 542 825 praeteritae
554 783 685 820 veniam
694 783 809 826 sponte
820 784 1046 824 deposcentem
1054 792 1111 818 e'x-

67 830 71 839 ⁹
92 824 214 859 coecari
233 823 340 865 jussit,
361 837 424 867 qua
444 837 480 865 ex
498 826 591 858 causa
610 823 722 866 triduo
742 822 813 866 post
831 825 985 859 moritur.
1006 826 1109 867 Cujus

91 866 274 914 severitatis
286 866 451 913 publicam
461 867 525 909 egit
537 866 768 914 poenitentiam
777 890 785 898 .
809 866 890 917 Qia
901 867 1028 908 peracita
1039 869 1107 909 ejus

82 909 152 942 filu
169 919 207 941 ex
227 918 335 949 priore
354 909 554 951 Irmingard'e
573 908 668 948 nati,
690 908 795 950 ipsum
815 919 869 949 per
888 909 1108 942 damnabilem

87 948 310 987 ambitionem
319 961 420 992 regno
441 950 608 997 privarunt
617 973 630 989 ,
649 951 740 991 quod
755 950 838 982 inter
847 948 878 982 se
890 950 999 991 partiti
1010 950 1082 984 sunt
1095 974 1106 990 ‚

90 994 126 1025 δε
135 1002 212 1025 eum
222 990 430 1029 Monasterio
443 992 644 1024 incluserunt
656 990 851 1037 JJuditbain
861 992 938 1024 vero
949 991 1107 1033 posterio-

90 1037 160 1066 rem
167 1042 305 1066 uxorem
319 1033 353 1066 in
365 1032 564 1078 monialium
575 1032 816 1078 Monasteriiiiii
826 1043 880 1073 per
889 1032 956 1065 vim
965 1032 1051 1068 intru
1057 1032 1108 1066 se-

89 1083 188 1114 runt,
207 1086 250 1109 ne
267 1075 411 1109 Carolus
421 1086 459 1108 ex
469 1074 518 1107 his
529 1074 676 1113 secundis
685 1075 811 1115 nuptiis
822 1083 917 1106 natus
936 1074 992 1107 sibi
1016 1074 1106 1108 debi-

87 1124 160 1150 tam
172 1115 261 1159 regni
270 1125 395 1160 partem
403 1115 595 1150 vindicaret.
608 1127 637 1157 p.
648 1127 792 1162 ¹274.n.9.
806 1114 986 1165 Reliquam
1006 1115 1105 1152 histo-

109 1157 116 1163 .
282 1158 307 1167 ·x
478 1157 485 1163 .

18 1171 26 1180 ⁴
89 1168 176 1199 nain
184 1156 329 1202 superius
339 1158 466 1200 require
476 1168 509 1190 in
519 1157 682 1194 Lothario
695 1182 703 1190 .

367 1202 536 1240 ludovicus
567 1199 805 1238 Transmarinus
814 1220 824 1230 .
1021 1236 1024 1244 .

127 1240 583 1286 LudovicusTransmarinus
593 1250 631 1286 ες(
641 1240 765 1282 Anglia
787 1249 960 1281 paternum
979 1241 1012 1275 in
1032 1253 1101 1284 reg-

89 1294 173 1316 num
182 1282 356 1316 accersitur
365 1281 599 1328 post·Eudonis
610 1282 721 1319 intrusi
733 1281 862 1315 obitum
873 1306 881 1314 .
904 1282 997 1316 Idem
1006 1284 1101 1318 Nor-

84 1335 226 1356 mannos
236 1323 270 1356 in
282 1324 464 1365 Aquitania
497 1323 646 1356 rassantes
658 1323 786 1365 aliquot
798 1323 919 1364 praeliis
930 1325 1077 1366 reprimit
1091 1349 1098 1358 .

73 1362 344 1413 'Lotharingiam
362 1365 402 1399 de
425 1333 563 1399 Otiione
590 1365 781 1401 Germa'niae
810 1366 900 1406 Rege
927 1366 1098 1405 vendicare

83 1405 267 1445 connixus,
290 1405 359 1445 ejus
369 1407 403 1439 δε
413 1405 568 1448 Hugonis
578 1406 695 1440 Franci
712 1406 839 1445 rebeliis
848 1407 1033 1448 coniunctis
1044 1419 1096 1444 ar-
1144 1412 1146 1430 Γ

82 1447 147 1482 mis
167 1445 358 1489 repellitur.
378 1458 409 1489 p.
422 1456 534 1488 312.n.
548 1458 594 1488 17.
605 1458 671 1485 αι.

146 1526 148 1531 ,
470 1491 501 1522 S.
522 1490 710 1529 Ludevi'cus.

83 1532 85 1536 ’
124 1527 351 1566 8.Ϊ.ιιάόνίως
362 1529 510 1564 Franciae
521 1530 594 1566 Rex
605 1532 711 1566 studio
733 1531 906 1567 Cristianae
926 1533 984 1568 reli
1009 1535 1095 1570 ionis

81 1571 235 1607 incensus
246 1596 257 1612 ,
266 1583 342 1606 cum
351 1572 462 1619 valida
472 1572 568 1606 classe
577 1573 713 1612 traiee‘to
724 1575 804 1608 mari
815 1575 940 1609 bellum
998 1577 1092 1620 gypti

81 1615 224 1657 Sultano
236 1614 333 1653 infert
345 1627 357 1648 .·
377 1625 552 1657 primoque
567 1614 612 1648 im
636 1623 690 1649 etu
700 1615 894 1650 Damietam
913 1629 1073 1662 expugnat
1085 1644 1093 1652 .

82 1656 147 1690 Sed
159 1656 195 1690 in
205 1656 273 1698 ejus
283 1656 384 1690 castra
394 1655 475 1690 locis
485 1656 615 1698 palustri
639 1667 677 1691 us
688 1658 744 1691 sita
754 1681 766 1698 ,
789 1662 824 1693 &
834 1659 977 1693 hostibus
996 1661 1092 1699 simul

80 1696 242 1740 Niloque
250 1697 484 1745 circumclusa,
507 1699 577 1731 lues
595 1697 763 1740 pestifera,
787 1702 960 1742 rerumque
979 1702 1091 1735 omni-

77 1749 139 1775 um
148 1751 283 1781 penuria
297 1740 422 1773 inceilit
431 1763 441 1779 ,
463 1739 547 1781 adeo
557 1749 593 1773 ut
604 1740 717 1776 Franci
751 1741 842 1776 assim
856 1741 1041 1784 interirent,
1052 1748 1086 1778 &

77 1781 366 1830 paucisuperstites
377 1781 498 1815 viribus
519 1782 667 1828 exhausti
685 1753 875 1819 delicerent.
897 1783 971 1818 Rex
980 1794 1092 1819 tamen

76 1823 261 1864 intrepidus
272 1824 405 1864 emique
415 1822 529 1856 fratres
538 1823 699 1858 Alfonsus
718 1824 925 1859 PiGtaviensis
935 1848 947 1865 ,
968 1830 1002 1860 δε
1021 1827 1091 1864 Ca-

79 1866 173 1900 rolus
185 1863 428 1908 Andegavensis
437 1864 592 1899 Comites
604 1865 734 1899 fortiter
742 1875 924 1908 pugnantes
934 1867 973 1900 ab
992 1868 1093 1903 hosti-

73 1905 139 1939 bus
149 1906 234 1948 capti
245 1906 336 1940 sunt.
357 1906 546 1939 Restamen
559 1906 674 1948 majori
684 1929 695 1945 ,
717 1908 818 1949 quam
829 1907 1011 1949 sperabatur
1020 1909 1092 1950 ,fa-

78 1947 207 1982 cilitate
217 1947 405 1990 compositae
417 1947 490 1980 sunt
505 1970 517 1986 ,
538 1947 616 1982 Deo
627 1949 757 1991 animos
767 1948 958 1983 Infidelium
968 1953 1009 1984 ad
1029 1951 1091 1984 hu-

75 1989 273 2024 manitatem
283 1988 489 2024 infle&ente.
517 1988 653 2031 Captivi
674 1990 956 2032 conventopretio
966 1993 1084 2026 dimiffi

75 2031 172 2065 sunt,
196 2042 304 2074 eoque
314 2032 488 2064 moderato
500 2055 508 2062 .
535 2030 697 2066 Damieta
712 2031 878 2074 restituta,
899 2035 935 2066 δε
951 2033 1090 2068 induciae

75 2072 114 2106 iri
134 2073 332 2109 decennium
350 2072 487 2117 firmatae
500 2093 509 2101 .
539 2072 693 2103 Alteram
712 2080 829 2112 tamen
847 2075 1090 2113 expeditionem

71 2113 150 2148 Rex
160 2113 297 2146 Sanetus
307 2112 342 2147 in
350 2111 500 2144 Africam
509 2110 638 2145 exorsus
648 2112 693 2145 est
706 2133 717 2150 ,
739 2111 856 2150 castris
871 2124 910 2145 ue
920 2117 962 2147 ad
973 2117 1091 2149 Tune-

73 2162 149 2188 tum
162 2153 347 2196 dispositis,
371 2153 543 2193 ingruente
575 2164 608 2185 er
617 2152 794 2186 exercitum
812 2155 864 2194 pes
882 2153 997 2189 ilentia
1016 2156 1090 2192 Rex

74 2195 250 2227 contaetus
260 2194 407 2234 spiritum
418 2193 496 2226 Deo
509 2203 541 2225 re
567 2194 660 2226 didit.
672 2204 701 2233 p.
715 2197 755 2233 36
777 2204 824 2225 .n.
835 2202 883 2231 14.
967 2201 969 2203 '

115 2234 225 2282 Saniffi
236 2232 399 2280 Ludovici
408 2234 467 2266 IX.
477 2232 617 2280 Francia}
629 2233 729 2276 Regis
737 2203 944 2276 C9apitularia
955 2238 1089 2281 &Pi-ag-

73 2286 197 2312 matica
216 2276 371 2309 Sanctio.
401 2286 430 2316 p.
451 2284 518 2316 399.
538 2278 572 2308 δε
591 2276 654 2316 leq.

312 2322 317 2327 ”
405 2319 573 2351 Ludovicus
594 2318 754 2349 Bavarus.

118 2356 282 2395 Ludovici
293 2357 410 2391 Bavari
420 2357 611 2391 Germaniae
622 2356 723 2400 Regis
733 2381 745 2397 ‚
768 2361 802 2392 δε
814 2358 960 2405 Joannis
976 2360 1086 2398 XXII.

76 2400 175 2444 Papae
186 2399 311 2434 diffidia
323 2424 341 2435 .,
353 2411 383 2441 p.
392 2410 463 2441 419.
477 2410 527 2432 n.1
539 2399 569 2432 8.
969 2408 970 2411 ¹

449 2443 619 2474 Ludovicur
638 2443 709 2473 XII.

114 2482 278 2518 Ludovici
288 2483 365 2516 XII.
376 2482 578 2516 Francorum
597 2482 696 2524 Regis
716 2481 802 2516 bella
819 2494 894 2518 cum
915 2483 1086 2524 Mediola-

71 2525 222 2561 nensibus
235 2548 246 2565 ,
268 2535 343 2558 cum
354 2524 513 2563 Venetis,
537 2523 758 2566 &cumJulio
776 2525 819 2558 II.
840 2528 874 2561 δε
891 2536 969 2560 cum
991 2526 1084 2570 Rege

71 2567 175 2610 Hisp.
189 2566 399 2604 Perdinando
408 2589 416 2598 .
437 2577 468 2608 p.
477 2573 552 2640 475L
559 2569 593 2640 85
604 2565 690 2608 seqq.

553 2619 572 2640 u
594 2619 627 2640 us
638 2630 645 2639 .

39 2673 42 2677 .
112 2649 288 2684 Ludorum
306 2653 340 2684 δε
358 2647 615 2692 thymelicorum
633 2646 728 2682 sacris
751 2647 891 2683 Clericis
908 2650 1082 2685 interdieta

69 2690 269 2732 spectacula.
282 2703 313 2733 p.
326 2700 396 2731 130.

113 2733 201 2766 Ludi
210 2733 285 2774 publ
292 2733 331 2766 ici
342 2736 376 2766 δε
384 2730 515 2778 taberne
526 2734 559 2766 8.-
568 2733 693 2767 choreae
704 2730 873 2774 proliibitae
885 2733 996 2768 diebus
1005 2733 1081 2768 Do-

69 2773 200 2810 mimicis
210 2779 244 2808 &
256 2774 352 2810 Festis
363 2797 374 2814 ,
396 2771 536 2815 maxime
547 2783 697 2817 tempore
707 2773 810 2806 divini
820 2774 934 2808 Officii
945 2779 977 2809 &
997 2787 1078 2816 prae-

67 2814 264 2862 dicationis,
290 2816 402 2857 anue
411 2814 607 2849 sollicitudo
619 2814 813 2857 prohibendi
832 2814 1078 2858 Magistratibus

63 2857 241 2892 «incumbit.
252 2870 282 2901 p.
291 2857 363 2899 685.
372 2868 405 2890 n.
415 2865 443 2903 ς.
456 2865 565 2931 pi‘5443.
576 2868 646 2898 cap.
661 2868 708 2890 12.
718 2869 746 2899 p·
757 2857 807 2898 83.
818 2867 850 2891 n.
862 2857 893 2890 8.

109 2939 161 2973 Lu
165 2941 333 2982 gdiinensis
342 2943 379 2975 δε,
394 2901 596 2974 Viennegiilsis1
598 2898 822 2974 ‘fifssiefiffim
831 2939 1009 2983 persecutio
1020 2941 1076 2975 sub

67 2978 187 3015 Marco
209 2983 366 3016 Aurelio.
389 2993 419 3024 p.
432 2983 480 3017 18.
491 2992 583 3014 num.
596 2991 645 3014 10.

109 3022 329 3065 Lugdunensis
347 3025 456 3058 clades
485 3027 519 3057 δε
548 3022 738 3058 incendium
759 3022 778 3059 ὲ
800 3023 959 3066 Septimio
979 3026 1074 3061 Seve-

69 3073 125 3098 1'0·
149 3074 180 3106 P·
198 3076 252 3107 49.
271 3078 361 3102 num.
379 3077 408 3098 2.

359 3111 550 3151 Lugdunense
569 3109 735 3154 anfi'h‘um
749 3112 780 3154 J·

109 3146 330 3188 Lugdunense
337 3153 488 3192 generale
501 3150 697 3183 Concilium
706 3149 790 3183 I.si1b
798 3150 996 3185 Innocentio
1009 3151 1069 3186 Pa-

66 3199 107 3234 91²
118 3189 179 3222 IV.
188 3194 342 3236 regnante
350 3192 380 3225 S.
392 3192 564 3226 Liidovico
576 3215 583 3223 .
605 3192 643 3224 In
654 3201 695 3237 eo
707 3191 886 3225 fridericus
896 3193 938 3225 II.
960 3194 1070 3234 Impe-

65 3240 118 3263 rio
129 3232 318 3278 deponitur-2
343 3233 396 3267 cui
407 3234 563 3268 sufficitur
572 3232 735 3266 Henricus
745 3233 917 3276 Turingiae
928 3238 961 3268 δε
981 3234 1069 3268 Has-

65 3269 117 3304 siae
127 3273 372 3314 Landgraviiis.
394 3287 424 3317 p.
440 3285 510 3319 393.

147 3315 162 3347 J
166 3313 198 3346 bi
210 3316 391 3348 declaratur
400 3318 597 3351 eleetionem
606 3315 665 3348 esse
678 3314 753 3355 juris
762 3315 920 3349 ordinarii
933 3340 943 3356 ‚
965 3320 999 3351 δε
1015 3317 1067 3351 di-

64 3353 183 3427 25⁰8&
194 3367 211 3389 a
222 3356 441 3404 postulatione
451 3381 461 3397 ,
481 3369 553 3401 quae
563 3357 607 3390 est
617 3355 692 3397 juris
702 3357 972 3398 extraordinarii,
990 3358 1066 3394 esim

90 3397 692 3487 ¹¹pei}{ffirgiiierrgs-{giignzsspzsssonales
713 3451 781 3474 non
794 3441 861 3486 'esse
880 3450 919 3474 co
934 3453 1001 3488 'am'
1012 3442 1061 3475 di-

65 3478 158 3512 versis
169 3481 328 3520 iudicibus
346 3485 571 3516 intentandas.
594 3481 670 3514 ibid.
688 3483 773 3515 Item
793 3492 827 3514 in
843 3482 895 3515 cle
932 3483 1063 3517 ionibus

63 3528 142 3553 vota
152 3521 243 3568 rejici.
250 3519 490 3558 conditionalia
501 3548 510 3556 .
530 3523 607 3558 ibid.

143 3562 400 3599 conservatores
418 3564 439 3599 a
456 3565 542 3614 Papa
562 3566 724 3600 concessos
743 3564 857 3599 debere
876 3563 917 3598 ab
942 3563 1068 3607 iniuriis

1855 162 1876 203 N
1947 190 2098 277 607

1153 282 1330 359 ziafifestis
1350 283 1495 325 clientesj
1503 288 1690 327 protegere,
1711 288 1780 319 lion
1797 292 1908 320 tamen
1921 287 2153 336 judicioffunffi

1152 336 1163 358 i
1187 338 1196 359 i
1223 351 1231 359 .
1283 350 1285 352 -
2072 335 2075 338 ⁴

1192 367 1390 416 Cgrdinales
1417 367 1587 416 Legatos&
1601 359 1731 416 Latere,
1745 368 1922 404 autoritate
1931 373 2056 413 pollere
2072 386 2155 411 con-

1148 409 1275 444 ferendi
1291 411 1447 445 beneficia
1464 422 1498 444 in
1508 411 1701 452 provinciis,
1722 411 1764 443 ad
1780 421 1861 451 quas
1878 411 2054 448 mittuntur
2064 416 2153 451 .ibid.

1139 488 1141 491 ,
1233 453 1355 494 Neque
1375 451 1574 488 Remensem
1591 450 1884 495 Archiepiscopum
1901 477 1912 493 ‚
1943 466 2049 498 neque
2067 457 2154 493 alios

1151 492 1435 536 Metropolitanos
1452 495 1501 540 jus
1519 492 1554 526 iri
1582 493 1796 540 suffraganeos
1824 492 1929 529 dicere
1952 498 2037 538 posse
2054 522 2066 539 ,
2096 499 2156 534 nisi

1152 536 1186 569 in
1196 537 1295 569 causis
1304 536 1584 577 appellationum.
1610 534 1707 568 ibid..
1760 575 1768 582 .

1231 578 1286 611 De
1307 576 1472 611 sententiis
1492 576 1868 617 excommunicationis,
1889 578 2099 620 iuspenfionis
2119 585 2155 616 δε

1149 619 1314 653 interdicti
1334 619 1368 652 in
1389 618 1542 660 scriptura
1559 617 1762 660 proferendis
1777 642 1788 658 ,
1819 619 1945 660 adjecta
1972 621 2071 657 etiam
2096 624 2155 657 ha-

1149 673 1221 694 rum
1241 661 1449 695 censurarum
1468 659 1561 693 causa
1574 684 1582 693 .
1602 672 1632 702 p.
1647 667 1715 702 395.
1726 659 1835 702 &seq.
2025 695 2027 698 r

1231 703 1385 744 Exempti
1406 701 1459 735 seii
1480 701 1786 748 Apostolicaessedi
1800 701 1993 738 immediate
2019 705 2153 747 subjecti

1149 744 1317 780 conveniri
1338 745 1464 784 possunt
1483 754 1594 776 coram
1613 743 1802 777 Ordinariis
1821 766 1833 782 ‚
1863 744 1886 777 si
1903 745 2097 787 delinquant
2115 748 2152 781 in

1148 787 1225 819 loco
1236 797 1303 819 non
1314 792 1464 826 exempto·
1477 807 1487 823 ,
1498 793 1554 817 aut
1564 785 1692 818 ratione
1704 784 1891 819 contractus
1900 789 1952 820 vel
1972 789 2027 820 rei.
2039 799 2069 828 p.
2082 798 2152 829 397.

1189 829 1243 863 Ad
1255 829 1417 861 cautelam
1427 826 1612 872 indulgetur
1627 826 1812 867 appellanti
1832 826 1997 862 absolutio
2007 852 2015 860 .
2027 840 2057 869 p.
2081 830 2151 870 398.

1232 868 1542 914 Excommunicatio
1555 878 1596 900 ne
1615 867 1798 908 proferatur
1834 878 1948 902 contra
1982 869 2152 904 civitatem

1148 920 1203 944 aut
1222 910 1402 954 collegium
1421 933 1432 948 ,
1465 909 1518 942 sed
1538 917 1653 942 eontra
1670 908 1846 951 singulares
1865 910 2016 951 personas
2033 933 2044 950 ,
2076 922 2152 954 quae

1147 953 1354 995 deliquerint.
1382 964 1411 993 p.
1434 960 1506 992 399.

1228 995 1382 1028 Praelatiis
1402 1002 1516 1026 contra
1536 991 1725 1034 saecularem
1743 993 1935 1034 potestatem
1952 993 2066 1037 gladio
2084 993 2150 1036 spi-

1149 1034 1263 1070 rituali
1280 1030 1313 1069 se
1328 1044 1454 1068 tuetur.
1477 1033 1558 1066 ibid.

1225 1076 1459 1110 Cardinalibiis
1477 1074 1597 1118 insigne
1624 1075 1712 1109 rubri
1737 1075 1817 1119 pilei
1843 1075 2037 1111 Concilium
2063 1076 2148 1110 istud

1143 1116 1296 1154 indulsit.
1319 1118 1398 1151 ibid.
1418 1128 1451 1150 n.
1473 1126 1520 1157 11.

1419 1160 1612 1201 Lugdunenfi·
1634 1163 1800 1194 Concilium
1821 1164 1861 1193 II.

1159 1242 1167 1247 ¹
1182 1201 1399 1243 Lugdunense
1418 1203 1559 1244 alterum
1578 1203 1728 1244 generale
1751 1201 1951 1236 Concilium
1968 1200 1987 1234 a
2005 1201 2141 1244 Grego-

1141 1253 1192 1275 rio
1213 1243 1297 1284 Papa
1317 1244 1358 1276 X.
1377 1243 1577 1282 celebratum
1596 1269 1604 1277 .
1635 1246 1673 1278 In
1696 1255 1736 1277 eo
1761 1242 1907 1277 Michael
1932 1243 2142 1285 Palaeologus

1139 1283 1336 1330 Graecorum
1354 1286 1534 1326 Imperator
1555 1295 1610 1330 per
1631 1285 1704 1318 suos
1727 1284 1887 1318 Oratores
1915 1284 2042 1326 rogavit
2063 1308 2074 1324 ,
2108 1284 2145 1318 in

1140 1335 1301 1360 unitatem
1322 1327 1470 1360 Ecclesiae
1488 1326 1618 1360 admitti
1639 1327 1802 1361 Romana:
1816 1350 1824 1358 .
1844 1326 1957 1359 Multa
1980 1325 2082 1359 etiam
2104 1328 2145 1360 de

1139 1367 1290 1401 Romani
1307 1367 1475 1402 Pontificis
1493 1366 1657 1411 electione
1676 1367 1796 1400 constit
1804 1376 1877 1400 uta.
1902 1378 1931 1408 p.
1950 1375 2022 1408 405.

1226 1409 1311 1443 Can.
1332 1420 1360 1444 1.
1378 1409 1579 1444 Decernitur
1596 1433 1608 1449 ,
1639 1407 1794 1449 Spiritum
1816 1407 1964 1442 sanctum
1982 1419 2020 1440 ex
2053 1409 2146 1443 Patre

1967 1187 1989 1196 v

1135 1447 1288 1493 Filioque
1306 1462 1375 1484 non
1387 1450 1510 1485 duabus
1528 1446 1777 1489 spirationibus,
1799 1447 1852 1482 sed
1875 1449 1969 1483 unica
1992 1448 2031 1482 ab
2049 1460 2142 1484 aeter-

1135 1503 1182 1526 no
1204 1494 1400 1534 procedere.
1423 1493 1503 1527 ibid.

1218 1535 1302 1568 Can.
1321 1546 1350 1571 ι.
1370 1534 1586 1575 Providetur,
1609 1543 1645 1568 ut
1662 1533 1697 1566 in
1716 1543 1910 1575 quacunque
1931 1532 2061 1568 civitate
2084 1534 2146 1580 Pa-

1135 1588 1175 1619 pa
1195 1577 1378 1616 decesserit,
1401 1576 1572 1611 Conclave
1592 1576 1736 1617 erigatur
1753 1598 1765 1614 ,
1798 1577 1973 1616 decemque
1995 1575 2035 1607 ab
2052 1575 2145 1609 obitu

1134 1619 1253 1652 exactis
1272 1618 1383 1652 diebus
1404 1618 1524 1653 intrent
1541 1618 1740 1664 Cardinales
1763 1616 1795 1649 in
1817 1618 2008 1655 conclave,
2027 1616 2146 1664 incipi-

1133 1671 1256 1702 antque
1273 1661 1353 1693 novi
1374 1660 1539 1694 pontificis
1559 1659 1717 1694 ele6’tioni
1747 1669 1882 1704 operam
1912 1659 2145 1693 darememine

1133 1703 1304 1743 expectato
1325 1726 1333 1734 .
1362 1702 1633 1743 Supervenientes
1649 1709 1759 1733 autem
1777 1698 1975 1745 Cardinales
1992 1709 2026 1731 re
2036 1700 2142 1734 adhuc

1133 1744 1255 1785 integra
1266 1743 1499 1783 admittantur,
1523 1744 1568 1777 sin
1592 1742 1638 1777 uli
1659 1742 1778 1775 horum
1797 1740 1936 1774 habeant
1954 1740 2061 1773 secum
2079 1740 2145 1774 sin.

1134 1788 1230 1828 gulos
1242 1784 1469 1826 administros,
1493 1786 1555 1820 sive
1570 1755 1676 1827 iaicos
1693 1784 1760 1832 sive'
1775 1781 1926 1816 clericos.
1949 1781 2141 1829 Nullusque

1133 1837 1243 1868 pateat
1265 1829 1306 1863 ad
1327 1827 1478 1861 inclusos
1495 1827 1692 1863 Cardinales
1709 1827 1834 1872 aditus,
1855 1825 1949 1857 nulla
1969 1825 2141 1866 scriptura,

1131 1871 1265 1903 nullum
1283 1869 1524 1912 colloquium«,
1553 1869 1684 1902 nullum
1702 1877 1862 1913 nuncium
1883 1891 1893 1913 ·.
1922 1865 2000 1912 Post
2020 1877 2141 1907 paucos

1131 1910 1171 1944 ab
1188 1911 1222 1944 in
1246 1911 1326 1944 ressu'
1341 1911 1408 1948 dies
1431 1912 1487 1944 fiat
1506 1911 1617 1945 sensim
1635 1909 1780 1943 ciborum
1813 1909 1993 1940 diminutio
2011 1919 2031 1939 .·
2053 1907 2140 1942 Uni-

1130 1963 1206 1987 cum
1238 1961 1260 1985 it
1279 1951 1313 1985 in
1332 1953 1472 1994 prandio
1492 1976 1502 1992 ,
1525 1956 1557 1987 ἃς
1577 1951 1711 1985 unicum
1731 1949 1764 1981 in
1783 1960 1876 1982 coena
1896 1947 2071 1982 ferculum.
2097 1950 2139 1984 Et
2159 1960 2162 1966 ’

1130 1993 1151 2026 si
1170 1994 1206 2027 sit
1222 1993 1410 2030 diuturnior
1429 2005 1519 2028 mora
1538 2018 1548 2034 ,
1571 1992 1654 2039 nihil
1676 1999 1788 2033 praeter
1806 2001 1942 2031 panem,
1964 2001 2086 2030 aquam
2105 1996 2138 2026 δε

1129 2035 1243 2069 vinum
1256 2035 1528 2070 subministretur.
1551 2037 1688 2070 Interim
1699 2042 1806 2073 preces
1822 2033 1863 2066 ad
1882 2031 1996 2076 Deum
2018 2034 2051 2064 ἃ*
2071 2033 2139 2077 ele-

1129 2079 1300 2120 emosynae
1317 2075 1503 2123 frequentes
1531 2076 1775 2117 adhibeantur,
1806 2082 1843 2107 ut
1870 2072 1973 2106 iausta
2000 2075 2034 2106 &
2060 2074 2137 2107 lelix

1129 2118 1276 2152 succedat
1293 2119 1431 2152 electio.
1455 2118 1531 2151 ibid.
1683 2131 1684 2135 ¹

1212 2159 1297 2192 Can.
1308 2169 1334 2200 3.
1346 2159 1400 2192 De
1417 2160 1580 2193 electione
1598 2157 1881 2203 postulationeqiie
1907 2155 2136 2203 praelatorum,

1128 2202 1163 2274 {c
1183 2201 1222 2274 dle
1231 2200 1499 2274 soppositionibus
1517 2198 1631 2237 festine
1653 2199 1863 2237 dirimendis,
1885 2209 1926 2230 ne
1945 2199 2000 2231 diu
2019 2208 2137 2232 vacent

1161 2252 1195 2274 cc
1211 2253 1298 2277 eiae.
1343 2267 1350 2274 .
1379 2253 1400 2274 o
1424 2267 1431 2274 .

1213 2282 1297 2318 Can.
1314 2253 1422 2321 {351}
1439 2283 1536 2319 eleffi
1556 2283 1588 2318 se
1606 2284 1775 2326 ingerant,
1804 2281 1992 2325 priusquam
2008 2281 2131 2317 eleffio

1126 2322 1319 2356 confirmata
1337 2323 1383 2355 sit.
1409 2324 1485 2356 ibid.
1941 2361 1948 2367 ,

1212 2362 1297 2395 Can.
1316 2371 1344 2403 5.
1365 2363 1415 2396 Ut
1434 2364 1453 2395 si
1473 2365 1596 2398 electus
1615 2364 1698 2397 intra
1716 2363 1858 2396 inensem
1876 2363 1895 2395 εὶ
1916 2364 1968 2395 die
1995 2363 2134 2397 eiectio-

1124 2402 1175 2436 nis
1193 2414 1261 2436 non
1280 2402 1472 2436 consenserit
1489 2405 1646 2438 electioni
1665 2405 1749 2442 siiae;
1782 2413 1837 2437 aut
1857 2404 1881 2439 si.
1896 2401 2039 2445 superior
2060 2406 2133 2446 post

1125 2445 1222 2479 electi
1240 2443 1431 2478 consensum
1460 2445 1545 2480 inti-a
1572 2455 1634 2479 tres
1661 2445 1783 2478 menses
1809 2456 1878 2478 nori
1902 2445 2097 2479 consenserit
2117 2470 2130 2486 ‚

1123 2496 1181 2520 aut
1199 2497 1269 2520 non
1287 2486 1534 2526 approbaverit,
1563 2490 1760 2528 procedatur
1782 2488 1822 2519 ad
1846 2497 1968 2520 novam
1990 2487 2131 2528 elerstio-

1124 2539 1202 2562 nem
1222 2551 1233 2567 ,
1263 2537 1370 2572 neque
1387 2529 1497 2573 iillum
1516 2529 1565 2568 jus
1592 2539 1629 2561 ex
1655 2528 1755 2571 priori
1782 2526 1946 2561 eleffione
1974 2530 2129 2571 cuiquam

1122 2569 1326 2611 acquiratur.
1349 2568 1427 2601 ibid.

1207 2610 1291 2644 Can.
1316 2619 1347 2649 7.
1378 2609 1518 2643 Nemini
1545 2610 1641 2645 licere
1670 2613 1782 2645 datum
1809 2610 1902 2646 suum
1938 2611 2128 2649 scrutinium

1122 2663 1273 2688 revocare
1283 2674 1301 2698 ,ι
1319 2661 1374 2684 aut
1393 2652 1463 2692 post
1482 2652 1674 2686 consensum
1692 2654 1786 2687 eleeti
1807 2652 2004 2687 eiectionem
2024 2653 2125 2695 impe.

1122 2696 1190 2729 dire
1207 2703 1262 2727 aut
1281 2693 1484 2733 suspendere:
1510 2692 1566 2726 nisi
1585 2697 1736 2735 quaedam
1756 2697 1794 2729 de
1813 2705 1902 2727 novo
1920 2694 2047 2729 malitia
2077 2695 2128 2728 di-

1119 2735 1313 2809 ςηοίὲ-ἷᾳὲτ,
1335 2736 1375 2767 de
1394 2734 1482 2775 cujus
1502 2735 1695 2775 praecedenti
1713 2735 1919 2777 ignoratione
1950 2737 2124 2774 jurandum

1118 2780 1163 2812 est
1184 2803 1192 2811 .
1215 2788 1225 2810 i
1249 2788 1259 2809 i
1285 2800 1293 2808 .
1320 2806 1325 2812 .
2052 2780 2060 2786 ’

1199 2818 1285 2851 Can.
1307 2829 1353 2851 12.
1376 2817 1472 2850 Circa
1503 2827 1590 2852 nova
1610 2816 1750 2858 regalia3
1773 2816 1849 2849 ibid·
2043 2839 2046 2841 -

1198 2858 1282 2892 Can.
1308 2869 1355 2904 ¹3·
1374 2859 1500 2904 Nullus
1522 2853 1563 2890 ad
1585 2859 1727 2903 regimen
1751 2857 1948 2904 parochialis
1972 2859 2122 2895 Ecclesia:
2158 2885 2159 2892 ,

1115 2903 1310 2940 assumatur,
1341 2900 1397 2933 nisi
1419 2901 1555 2933 idoneus
1575 2899 1703 2932 scientia
1724 2903 1758 2933 δε
1776 2898 1919 2932 moribus
1934 2923 1947 2940 ,
1982 2905 2016 2935 δε
2035 2901 2121 2936 intra

1113 2953 1238 2977 annum
1254 2941 1510 2981 fiaepresbyter.
1534 2951 1562 2980 p.
1584 2950 1608 2972 1.
1628 2940 1698 2981 408.

1195 2983 1279 3016 Can.
1293 2993 1337 3023 14.
1358 2983 1415 3016 Ne
1430 2983 1682 3016 commendetur
1698 2981 1838 3017 Ecclesia
1856 2983 2056 3018 Parochialis
2066 2985 2120 3018 ul-

1111 3036 1161 3059 tra
1181 3024 1344 3058 semestre.
1368 3023 1432 3056 ibid

1194 3065 1279 3099 Can.
1310 3065 1356 3111 18.
1388 3064 1775 3111 Die-'incompatibilitate
1806 3066 2036 3101 beneficiorum
2059 3066 2118 3103 nisi
2146 3095 2148 3098 .

1109 3107 1304 3149 Apostolica
1321 3105 1515 3152 dispensatio
1536 3117 1574 3139 ex
1596 3107 1785 3141 rationabili
1804 3106 1899 3141 caula
1926 3109 2082 3143 accesserit
2107 3133 2116 3143 .

1108 3149 1141 3181 Si
1158 3148 1236 3182 vero
1262 3148 1479 3190 dispensatum
1504 3147 1540 3181 sit
1561 3172 1571 3188 ‚
1603 3158 1692 3182 curet
1720 3149 1915 3183 Ordinarius
1946 3150 2115 3190 providere

1108 3190 1278 3229 Vicarios,
1289 3189 1345 3231 qui
1357 3188 1544 3236 suppleti-nt,
1567 3189 1722 3232 affignata
1731 3189 1896 3224 fruetuum
1907 3201 2015 3233 parte,
2039 3192 2116 3226 huic

1106 3230 1424 3274 incompatibilitati.
1448 3230 1515 3263 ibid
1528 3255 1535 3263 .
1936 3235 1938 3237 ’

1193 3274 1277 3307 Can.
1297 3283 1334 3313 19
1365 3271 1419 3306 De
1438 3272 1665 3306 advocationis
1689 3275 1723 3306 Sc
1739 3273 1978 3314 procurationis
2000 3274 2114 3310 officio

1104 3314 1244 3351 fideliter
1260 3315 1449 3356 exequendo
1466 3337 1476 3352 ,
1506 3314 1646 3356 praestito
1665 3313 1740 3349 ante
1760 3316 1945 3355 juramento
1975 3315 2010 3349 in
2037 3318 2118 3353 soro

1104 3356 1343 3394 Ecclesiastico.
1366 3355 1444 3388 ibid.

1186 3397 1272 3431 Can.
1293 3407 1342 3430 zi.
1362 3395 1418 3430 De
1435 3396 1670 3444 dignitatibus„
1699 3398 1860 3433 beneficiis
1884 3402 1918 3432 δε
1935 3399 2054 3434 officiis
2073 3401 2109 3434 iri

1106 3441 1196 3487 cu'ria
1218 3439 1374 3473 Romana
1391 3438 1579 3473 vacantibus
1594 3437 1613 3472 a
1640 3439 1712 3473 solo
1738 3440 1835 3474 Pont.
1867 3440 1969 3475 Rom.
1995 3441 2110 3475 confe-

1108 3485 1229 3518 rendis.
1254 3492 1283 3521 p.
1303 3490 1375 3521 409.

1192 3522 1276 3555 Can.
1296 3532 1363 3568 22..
1381 3522 1436 3557 De
1463 3521 1554 3556 rebus
1583 3521 1733 3557 Ecclesiae
1754 3533 1822 3556 non
1847 3523 2028 3559 alienandis
2050 3523 2106 3557 sub

1109 3564 1259 3611 gravibus
1276 3573 1383 3605 poenis
1395 3564 1472 3599 cum
1490 3563 1647 3599 nullitate
1649 3565 1820 3641 Faetuum.
1841 3564 1922 3599 ibid.
1989 3606 2021 3638 C

1686 3616 1731 3640 ee
1774 3616 1792 3639 ι
2008 3618 2073 3640 Ain.
