2430 3958
329 237 497 319 ‘274

274 333 406 374 triduo
433 327 517 379 post
545 328 713 376 moritur
733 353 746 379 ,-
781 323 910 375 Cuius·
941 327 981 374 in
1008 322 1139 376 fratris
1166 321 1291 376 filium

277 384 480 431 severitatis
514 379 749 430 poenitentia
775 370 927 422 -duraus
943 402 961 425 a
1004 374 1090 425 Post
1132 369 1289 438 aliquot

273 449 398 481 annos
448 433 786 474 voluntariasex
810 427 1097 488 Episcoporum·
1128 428 1291 470 arbitrio

271 502 406 542 poenas
433 485 559 530 dedit.
586 486 669 526 Leo
697 481 792 528 veto
808 480 1006 526 -A-rmenus
1026 483 1201 525 Orientis
1220 482 1293 521 Im-

272 554 425 595 perator
445 563 461 586 ,
497 538 709 580 instaurata
733 533 1093 576 'Iconomachorum
1120 530 1249 574 haerefi
1275 556 1291 579 ,

269 590 468 639 adversum
502 587 752 630 orthodoxos
781 587 905 636 ‘impie
939 584 1029 628 furit
1053 603 1066 624 .·
1109 589 1218 634 cujus
1257 581 1293 624 ie

271 645 461 696 impietati
480 641 710 684 Theodorus
730 638 886 680 Studita
921 638 1145 680 constanter
1172 648 1293 686 oppo-
1333 657 1336 661 ·

273 713 368 741 nens
386 722 404 746 ,
440 691 667 743 crebrasque
702 690 835 733 literas
856 715 874 739 ,
909 704 992 743 quae
1015 690 1142 731 adhuc
1170 688 1293 740 super.

271 750 384 798 sunt,
413 752 452 790 in
482 760 614 787 omnes
633 742 749 786 Orbis
778 756 907 792 partes
924 768 939 792 ,
974 743 1024 784 ad
1058 739 1290 783 confi-tman-

271 804 345 847 dos
371 801 523 847 fideles,
551 800 590 838 &
610 796 881 843 revocandos,
918 798 986 847 qui
1023 794 1247 840 ceciderant
1271 818 1289 850 ρ

272 852 540 900 conscribens,
568 848 710 897 exilia,
737 862 909 890 carceres
926 851 967 889 &
983 845 1138 898 flagella
1155 871 1172 895 ,
1212 859 1292 886 om.

273 912 416 957 niaque
442 905 696 945 vexationum
732 914 874 953 genera
910 902 947 941 in
985 900 1023 944 se
1057 897 1255 941 accersivit
1278 920 1292 934 .

322 972 358 1007 7.
387 955 528 997 Annus
562 953 751 1005 agebatur
774 951 923 995 Christi
949 952 1037 1003 824.
1105 965 1195 992 uum
1218 951 1293 991 Mi-

244 1047 254 1056 .
272 1010 384 1053 chael
405 1007 574 1056 Balbus,
601 1003 756 1056 ejusque
780 1002 885 1046 filius
907 1001 1089 1054 Theophi
1109 1018 1152 1044 us
1180 1003 1203 1044 a
1230 1015 1294 1051 pa-

271 1078 331 1105 tre
365 1065 406 1103 in
433 1062 639 1110 Imperium
675 1054 911 1106 assumptuS,
945 1055 1063 1097 ambo
1089 1054 1294 1097 Iconocla-

269 1116 327 1158 stae
347 1140 363 1163 o
399 1114 657 1163 Legationem
694 1110 745 1150 ad
770 1109 1013 1150 Ludovicum
1039 1110 1149 1150 Pium
1187 1105 1293 1148 mise-

271 1181 386 1215 runt,
412 1168 520 1216 pacis
547 1178 638 1205 cum
665 1176 715 1205 eo
743 1160 979 1205 stabiliendae
1004 1162 1132 1212 gratia
1151 1179 1164 1201 :
1191 1163 1293 1219 inter

270 1218 431 1271 insignia
457 1230 645 1263 munera,
673 1213 813 1266 quibus
827 1211 1072 1255 Ludovicum
1108 1212 1293 1253 demereri

267 1271 504 1323 cupiebant,
534 1266 637 1309 fuere
657 1293 673 1315 ,
714 1279 758 1307 ut
786 1261 910 1307 scribit
926 1265 1135 1307 Hilduinus
1158 1263 1292 1323 Abbas

269 1322 499 1367 Monasserii
526 1319 650 1363 san&
666 1316 851 1369 Dionysii
877 1318 979 1367 apud
996 1316 1177 1364 Parisios,
1204 1315 1293 1356 libri

268 1377 487 1419 authentici
508 1372 645 1414 Graece
670 1370 801 1419 scripti
820 1369 1000 1420 Dionysii
1023 1368 1292 1420 Areopagitae,

273 1442 376 1481 quos
421 1428 522 1470 idem
551 1424 760 1468 Hilduinus
806 1420 899 1472 jussu
931 1422 1122 1463 Ludovici
1150 1421 1294 1462 Latine

272 1485 420 1530 vertit,
451 1477 596 1521 additis
631 1490 715 1528 quae
750 1487 867 1516 vocat
896 1472 1212 1527 Areopagiticis,
1250 1474 1315 1513 in-

307 1533 416 1575 uibus
440 1529 578 1577 refert,
604 1528 738 1570 eadem
760 1527 856 1583 die,
892 1538 971 1577 qua
1006 1527 1120 1566 iidem
1150 1527 1293 1575 recepti

268 1547 360 1630 sliat
389 1584 510 1630 libri,
544 1581 676 1622 decem
693 1582 732 1621 &
755 1593 896 1619 novem
932 1577 1085 1619 diversis
1107 1581 1147 1619 &
1172 1579 1293 1629 gravi·

267 1639 339 1679 bus
364 1636 509 1677 morbis
538 1630 700 1676 affectos
728 1627 964 1672 convaluisse
992 1644 1059 1680 per
1086 1630 1293 1671 illiusSan·

266 1691 324 1731 <sti
341 1689 525 1738 Martyris
552 1687 846 1729 invocationem
863 1709 874 1722 .
900 1683 1125 1726 Contendit
1153 1684 1245 1728 vero
1266 1708 1290 1731 κ3

268 1738 503 1793 Dionysium
542 1734 787 1779 Parifiensem
819 1731 1049 1786 Episcopum
1076 1738 1116 1777 δε
1146 1748 1291 1785 marty-

266 1809 349 1838 rem
388 1808 472 1835 non
514 1790 634 1831 alium
674 1785 777 1831 fuisse
816 1788 933 1838 quam
965 1784 1247 1840 Areopagitam
1272 1811 1290 1836 9

269 1844 494 1898 passumque
528 1838 633 1884 fuisse
667 1854 774 1883 anno
802 1838 947 1882 Christi
975 1851 1039 1889 96.
1066 1840 1132 1896 sub
1152 1842 1290 1886 Domi-

270 1903 371 1941 tiani
398 1895 680 1948 perse-cutione.
707 1894 916 1946 Gregorius
945 1909 1075 1938 tamen
1086 1897 1293 1939 Turonen-

269 1950 319 1994 fis
347 1946 413 1991 lib.
436 1947 567 1990 1.hist.
593 1959 750 1999 cap..3o.
779 1944 891 1988 refert
910 1972 926 1995 ,
956 1950 1083 1992 Decio
1102 1951 1141 1991 &
1160 1949 1290 1989 Grato

271 2001 536 2049 Consulibus,
564 2003 632 2052 qui
660 1999 731 2041 fuit
747 1998 887 2040 Christi
916 2013 1004 2049 250.
1023 1998 1202 2043 saeviente
1213 2001 1293 2044 De-

270 2059 323 2099 cii
356 2052 622 2105 persecutione
655 2050 887 2104 Dionysium
917 2051 1159 2100 parisiensem
1189 2049 1294 2103 Epis·

271 2121 416 2158 eopum
442 2121 529 2149 cum
547 2103 703 2147 Rustico
718 2104 996 2147 &Eleutherio
1025 2117 1193 2147 mortem
1220 2117 1293 2154 pto

270 2159 433 2205 Christo
460 2156 606 2199 subiisse
623 2185 634 2199 .
667 2159 757 2199 Hoc
784 2156 876 2199 vero
905 2159 1093 2208 praecipue
1120 2156 1293 2201 intende-

268 2214 371 2255 bant
392 2214 520 2253 Graeci
537 2212 793 2260 Imperatores
812 2235 828 2258 ,
866 2222 909 2250 ut
938 2209 1291 2252 intervenientibus

269 2266 425 2308 Francis
458 2262 561 2312 apud
587 2265 802 2314 Eugenium
837 2258 1044 2303 secundum
1071 2262 1291 2303 Romanum

273 2315 536 2362 Pontificem,
562 2316 779 2366 Imaginum
805 2314 932 2356 cultus
960 2314 1130 2355 omnino
1159 2313 1291 2365 abole-

272 2383 375 2411 retur
403 2369 479 2408 una
505 2381 592 2409 cum
619 2364 773 2415 septima
790 2366 975 2418 Synodo.
1003 2367 1125 2408 Graeci
1144 2369 1290 2418 quippe

272 2420 526 2464 Iconoclastae
563 2433 719 2462 omnem
759 2418 987 2467 respuebant
1022 2421 1174 2471 piarum
1200 2421 1294 2460 ima-

270 2477 403 2526 ginum
427 2473 536 2513 usum
562 2485 750 2523 tanquam
778 2469 1290 2518 idololatriammuitorum

271 2527 364 2565 vero
384 2528 619 2565 Francorum
646 2538 752 2564 mens
780 2536 863 2564 erat
898 2525 973 2571 jam
1009 2524 1098 2564 inde
1134 2524 1156 2566 ὲ
1174 2526 1290 2565 Fran-

272 2574 504 2619 cofordiensi
540 2574 606 2616 sub
637 2575 791 2616 Carolo
820 2577 971 2630 Magno
998 2575 1190 2617 Concilio
1226 2577 1294 2618 ad-

271 2630 482 2671 mittendas
510 2628 665 2679 quidem
691 2626 785 2674 effe,
812 2625 873 2667 sed
902 2628 1058 2668 minime
1084 2630 1290 2670 colendas.

272 2681 332 2725 iAt
348 2682 529 2727 Romana
546 2677 714 2721 Ecclesia
731 2681 770 2719 δε
786 2678 1044 2721 admittendas
1055 2680 1092 2720 &
1103 2681 1290 2723 colendas

274 2734 439 2783 relativo
467 2733 516 2773 ad
544 2744 758 2782 prototypa
786 2730 844 2770 his
873 2729 1139 2778 repraesentata
1166 2735 1289 2775 cultu.

273 2788 494 2829 Ludovicus
523 2786 736 2833 Imperator
762 2783 896 2823 audita
922 2784 1147 2825 Graecorum
1166 2785 1290 2838 Lega-

274 2843 385 2880 tione
411 2852 459 2878 ex
485 2833 661 2886 permissu
672 2837 834 2885 Eugenii
860 2847 1095 2876 conventum
1107 2837 1288 2880 Parifien-

272 2890 349 2932 sem
376 2890 533 2935 indixit,
559 2902 640 2940 quo
670 2888 827 2929 tandem
853 2887 1106 2929 deliberatum
1132 2886 1205 2931 fuit
1234 2906 1288 2931 re-

276 2943 489 2985 mittendos
506 2941 672 2983 Romam
687 2942 913 2982 Graecorum
923 2939 1118 2990 Legatos5
1146 2942 1286 2994 quibus

277 2997 413 3046 Legati
439 3007 600 3047 quoque
633 3006 681 3035 ex
717 3005 824 3042 parte
844 2994 1082 3032 Francorum
1109 2995 1287 3045 adjunge·

277 3060 432 3094 rentur,
459 3061 539 3087 una
564 3060 653 3086 cum
681 3043 911 3093 supplicibus
937 3044 987 3086 ad
1004 3046 1217 3096 Eugenium
1244 3047 1286 3087 li-

277 3102 367 3139 teris
395 3098 674 3146 hortantibus,
712 3110 755 3137 ut
782 3099 822 3136 in
843 3096 993 3146 synodi
1019 3095 1185 3146 semimae
1202 3124 1217 3147 ,
1245 3099 1287 3140 si-

279 3151 434 3200 mulque
451 3153 660 3202 imaginum
679 3150 942 3189 venerationis
970 3150 1285 3196 reprobationem

279 3201 530 3242 consentiret.
557 3202 696 3243 Seleeti
718 3204 958 3249 Francorum
967 3243 969 3245 ,
984 3202 1033 3245 ad
1053 3202 1285 3245 Pontificem

281 3253 414 3302 Legati
439 3251 541 3294 suere
562 3254 740 3308 jeremias
769 3249 999 3294 Senonensls
1019 3251 1287 3304 Archiepisco-

282 3316 379 3352 pus,
405 3306 444 3342 &
468 3308 584 3351 Jonas
614 3302 948 3346 Aurelianensium
975 3303 1114 3347 Praesul
1131 3332 1146 3355 ,
1181 3313 1286 3358 cujus

281 3367 418 3394 extant
444 3368 516 3395 tres
541 3356 623 3396 libri
651 3355 1038 3400 adversusClaudium
1054 3356 1284 3410 Episcopum

279 3405 550 3447 Taurinensem
577 3407 791 3449 haereticum
808 3407 1088 3450 iconoclaflam
1107 3440 1117 3450 .
1146 3415 1283 3454 Omnis

282 3457 352 3498 illa
379 3456 553 3496 Romana
570 3459 729 3509 Legatio
768 3461 900 3502 frustra
926 3458 998 3501 fuit
1017 3486 1031 3509 ,
1065 3463 1282 3511 persistente

283 3512 442 3551 Summo
467 3508 652 3548 Pontisice
679 3514 718 3550 in
738 3512 1189 3563 antiqua&Ap0stolica
1210 3531 1284 3558 tra-

282 3563 451 3601 ditione:
479 3572 594 3609 atque
619 3563 659 3599 in
686 3559 915 3605 sanctissimis
954 3572 1200 3609 oecumenicae
1218 3572 1285 3618 Sy-

282 3612 377 3657 nodi
405 3608 590 3661 septimae,
619 3618 965 3658 necnonHadriani
982 3618 1202 3668 praec‘eisons
1231 3621 1285 3666 sui

668 200 986 289 Notitiae
1048 203 1569 292 Ecclesiasticae
1627 205 1863 291 saeculi
1888 211 2018 295 IX.

1335 325 1498 369 decretis
1518 320 1779 372 inconcussis.
2243 370 2245 374 ,

1386 379 1430 418 8.-
1450 373 1530 418 Sub
1547 377 1718 425 Imperio
1746 375 1952 429 Michaelis
1983 378 2097 421 Balbi
2119 405 2138 430 ,
2162 383 2360 428 >Saraceni

1334 443 1382 471 ex
1405 423 1603 477 Hispaniis
1639 423 1804 477 profecti
1821 429 1986 472 Cretam
2019 433 2213 475 invadunt
2248 450 2360 478 anno

1335 485 1423 522 822.
1457 481 1498 520 δε
1526 477 1687 522 subinde
1724 482 1793 522 alii
1818 482 2026 524 Sarraceni
2059 484 2108 526 ex
2126 484 2259 528 Africa
2287 486 2361 535 sol.-
2416 519 2421 529 .-

1335 545 1470 575 ventes
1498 546 1609 574 anno
1637 530 1724 586 827.
1749 534 1926 589 'Siciliam
1949 534 2006 576 ab
2024 535 2225 580 Orientali
2240 542 2364 590 lmpe-
2413 561 2416 564 ⁴

1339 590 1398 627 rio
1425 582 1715 627 subduxerunt.
2125 611 2129 615 -

1385 651 1422 684 9.
1449 638 1496 677 In
1524 638 1749 680 Occidente.
1774 636 1965 681 hatstenus
2001 641 2218 691 amplitudo
2247 650 2362 696 maje-

1334 687 1484 741 stasque
1501 691 1688 733 Francica
1715 691 1820 732 stetit
1847 693 1889 732 in
1917 694 2048 740 apice.
2074 696 2183 735 Mox'
2205 700 2381 749 initium!
2417 721 2419 748 ς

1333 742 1527 784 maiorum
1554 742 1577 785 a
1603 744 1822 785 domesticis
1846 743 1972 786 turbis
1987 746 2029 785 &
2049 744 2362 792 nefario'Princi-
2415 759 2417 761 ’

1333 808 1425 847 pum
1453 791 1594 836 scelere
1620 796 1768 846 prodiit
1785 820 1802 843 ,
1837 794 1927 838 filiis
1946 797 2142 842 adversus
2167 806 2364 851 optimum

1334 859 1537 899 parentem
1562 847 1862 898 conjurantibus
1879 878 1890 888 .
1928 849 2153 893 Ludovicus
2182 849 2361 896 Pius⁴²²1r·

1335 898 1535 950 mingrade
1571 904 1700 950 priore
1736 903 1902 953 conjuge
1937 915 2127 952 mortua,
2165 907 2366 951 Iuditham

1338 951 1502 1001 Welphi
1517 952 1690 1011 Comitis
1715 952 1836 1006 filiam
1866 959 1914 994 inv
1935 957 2228 1000 matrimonium]
2243 959 2362 1001 duxe-

1335 1017 1419 1051 rat,
1443 1018 1494 1044 ex
1521 1006 1602 1055 qua
1630 1002 1747 1047 natus
1773 1009 1809 1046 ei
1835 1006 1891 1047 est
1908 1006 2083 1048 Carolus
2116 1014 2357 1061 cognomine

1334 1057 1507 1099 Calvus.
1535 1056 1642 1101 Cum
1670 1058 1761 1099 vero
1790 1071 1868 1099 tres
1896 1058 2033 1108 liberi,
2062 1063 2359 1115 exlnningarde

1335 1110 1452 1160 geniti
1524 1110 1737 1152 Lotharius
1760 1134 1777 1164 ρ
1814 1111 2135 1169 Ludovicusq'&
2155 1114 2313 1164 Pipinus
2339 1139 2359 1165 ς

1335 1162 1434 1214 aegre
1476 1176 1637 1212 errent,
1672 1166 1715 1206 in
1741 1175 1891 1213 patrem
1925 1162 2242 1210 insurrexerunt.
2281 1170 2362 1216 Pri·

1335 1215 1442 1254 mum
1466 1229 1578 1256 anno
1605 1219 1692 1267 830.
1718 1215 1811 1257 dum
1829 1214 2040 1259 Lotharius
2056 1227 2083 1266 ,¹
2101 1231 2359 1270 quem-pater
2402 1231 2408 1235 ·

1334 1270 1410 1317 jam
1437 1267 1528 1310 inde
1553 1270 1594 1309 in
1618 1269 1773 1319 Imperii
1796 1265 2043 1311 consortium
2069 1270 2121 1313 ab
2146 1274 2318 1317 annor8‘2
2349 1301 2363 1315 .

1336 1316 1583 1370 assumpserat
1603 1345 1621 1369 ,
1656 1333 1854 1374 quemque
1879 1319 2044 1373 Augusti
2087 1325 2249 1366 nomine
2278 1284 2362 1367 ind·
2412 1327 2413 1330 ’

1336 1375 1488 1423 gnitum
1510 1371 1703 1416 Pascha-lis
1734 1370 1918 1415 Pontifex
1946 1374 2141 1424 Imperiali
2169 1376 2364 1420 diadema.

1338 1437 1377 1464 te
1393 1424 1527 1467 Romae
1554 1425 1657 1476 apud
1676 1427 1715 1470 S·
1731 1427 1890 1467 Petrum
1917 1426 2166 1469 iredimivetat
2181 1451 2200 1476 ,
2226 1430 2268 1470 in
2283 1431 2362 1471 Ita-

1336 1474 1675 1529 lia-,versabatun
1708 1477 1933 1520 Ludovicus
1971 1490 2104 1529 autem
2130 1477 2370 1533 secundoga·

1337 1532 1439 1570 nitus
1456 1552 1471 1578 ,
1506 1531 1569 1571 cui
1593 1532 1707 1572 Pater
1722 1532 1940 1578 Baioariam
1967 1530 2058 1571 cum
2085 1531 2217 1574 titula
2228 1531 2359 1584 Regni

1335 1579 1596 1635 concesserat,
1625 1585 1666 1623 in
1693 1582 1938 1624 moderandis
1964 1582 2253 1638 transrhenanis
2270 1600 2375 1637 pro-2

1336 1636 1473 1677 vinciis
1510 1635 1803 1684 occupabatur,
1841 1648 1938 1676 natu
1983 1638 2111 1686 postte
2179 1652 2196 1681 s
2229 1639 2364 1680 exli·-

1335 1687 1546 1739 mingardis
1571 1685 1660 1728 filiis
1688 1688 1847 1736 Pipinu's
1892 1683 2122 1740 Aquitaniae
2186 1704 2361 1733 ex2cum,

1333 1739 1559 1790 proceribus
1585 1737 1840 1789 conspirans,
1868 1741 2067 1790 ingentem,
2091 1756 2250 1784 manum
2289 1747 2382 1785 mi.·

1333 1793 1449 1834 litum
1475 1804 1626 1841 armat,
1654 1794 1860 1844 primoque
1886 1794 2034 1842 impetu
2060 1791 2263 1847 Aureliam
2291 1809 2362 1839 oc-

1333 1858 1478 1895 cupat,
1506 1845 1787 1895 Imperatorem
1814 1857 1966 1893 patrem
1995 1849 2037 1889 in
2071 1844 2178 1889 suam
2213 1847 2364 1900 redigit:

1332 1897 1593 1946 potestatem,
1619 1899 1662 1938 &
1676 1896 1884 1952 Juditham
1907 1911 2119 1944 novercam
2147 1901 2187 1941 in
2209 1901 2358 1941 Mona.-

1332 1950 1449 1991 sterio
1475 1949 1667 1998 includit,
1693 1951 1876 1991 &velum
1886 1949 2161 2009 MonasticunD
2174 1949 2366 2001 suscipere

1334 2003 1461 2094 coffiiat.
1486 2001 1727 2050 Lotharius,
1750 2002 1926 2049 exItalia
1952 2000 2250 2054 superveniens,
2274 2017 2372 2055 quae·

1334 2066 1381 2106 ge
1463 2066 1600 2102 erant,
1627 2052 1850 2104 approbat,
1877 2052 1993 2106 seque
2016 2059 2144 2109 „torius
2158 2059 2237 2105 ejus
2263 2055 2365 2101 belli·

1335 2110 1376 2148 &
1393 2108 1678 2157 conjurationis
1706 2106 1843 2148 ducem
1869 2106 2047 2148 exhibet.
2075 2108 2366 2152 Caeteruman-

1337 2174 1397 2200 no·
1419 2157 1596 2212 sequenti
1611 2160 1904 2200 Germanorum
1932 2159 2285 2208 operaLudovicus
2306 2175 2366 2202 re·
2396 2192 2406 2203 .

1335 2214 1436 2260 cepit
1455 2214 1666 2261 'Imperium
1688 2237 1710 2252 ·.
1732 2211 1810 2252 Sed
1836 2210 1859 2251 a
1895 2212 2096 2259 patricidis
2133 2209 2222 2255 filiis
2249 2217 2367 2256 *anno

1336 2266 1426 2314 833.
1463 2264 1696 2305 instauratur
1729 2261 1928 2305 rebellio-...-
1968 2267 2031 2304 cui
2065 2277 2108 2304 ut
2142 2264 2362 2309 mederetur

1337 2317 1550 2367 Gregorius
1571 2318 1678 2364 Papa
1702 2303 1869 2367 quastus
1888 2339 1903 2364 ³
1941 2312 1977 2356 se
2005 2315 2262 2358 honorarium
2281 2329 2357 2411 ‘ga‘

1333 2370 1388 2408 cis
1416 2369 1603 2410 arbitrum
1628 2371 1886 2416 interponens
1913 2368 1955 2408 in
1971 2368 2127 2411 Gallias
2152 2383 2278 2411 conce
2320 2383 2361 2411 t.

1333 2420 1407 2460 Sed
1442 2418 1535 2462 ‘cum
1569 2418 1592 2460 ὲ
1625 2418 1896 2469 praeferocibus
1933 2423 2156 2469 conjuratis.
2173 2419 2363 2464 fratribusv

1333 2471 1438 2515 nihil>
1460 2473 1702 2515 moderatum
1728 2475 1936 2524 impetrare
1960 2471 2163 2524 valuisset,
2191 2474 2362 2516 Romam

1334 2525 1448 2572 tristis
1477 2540 1520 2567 re
1544 2523 1692 2566 infecta
1716 2525 1994 2574 repetiit.1²0st
2019 2530 2127 2573 cujus
2144 2524 2358 2576 discessum,

1333 2575 1601 2628 corruptissimi
1631 2575 1839 2620 Antistites
1863 2602 1879 2626 ς,
1926 2578 2112 2621 ἱηίὶὶηᾶιι
2150 2578 2359 2629 praesertim
2395 2612 2399 2621 .

1333 2626 1723 2680 Archi-episcoporum
1748 2629 1927 2672 Ebbonis
1951 2629 2234 2674 Rhemenfisf&
2251 2629 2360 2684 Ago-

1331 2683 1444 2724 bardi
1461 2680 1750 2733 Lugdunensis,
1775 2682 2070 2733 Compendium
2097 2682 2262 2733 ejusdem
2289 2699 2358 2726 an.
2405 2721 2413 2731 ..

1333 2739 1373 2776 ni
1401 2733 1528 2776 mense
1546 2734 1716 2776 octobri
1743 2749 1996 2784 convenere,
2033 2735 2253 2787 multasque
2286 2737 2360 2782 ob.

1333 2786 1538 2828 tendentes
1565 2784 1748 2827 scelerum
1786 2787 1925 2835 species
1945 2813 1958 2834 ‚
1992 2795 2160 2840 quorum
2199 2786 2358 2845 nullutn

1331 2841 1493 2880 veritate
1521 2838 1719 2880 nitebatur
1736 2864 1751 2887 ,
1787 2837 1870 2880 sola
1898 2854 2061 2890 excepta
2087 2840 2272 2882 Bernardi
2305 2854 2359 2884 ex
2410 2891 2412 2894 .

1331 2890 1449 2933 fratre
1476 2894 1631 2940 nepotis
1658 2894 1947 2941 excaecatione,
1976 2899 2135 2942 propter
2153 2895 2359 2943 quamIm·
2410 2912 2413 2918 ί

1331 2951 1490 2993 perator
1516 2942 1714 2992 publicam
1741 2952 1871 2995 egerat
1898 2945 2044 2993 pridem
2061 2947 2356 2995 poenitentiam,

1330 2996 1574 3048 Ludoyieum
1601 2995 1653 3035 ad
1680 2999 1861 3037 iteratam
1888 2998 2193 3045 poenitentiam,
2220 3000 2262 3039 in
2289 3000 2360 3041 fla.

1329 3049 1513 3098 gitiornm
1540 3051 1742 3097 conceptis
1762 3046 1979 3097 ex-scripto
2007 3047 2130 3089 verbis
2157 3049 2360 3094 eonseffio-

1325 3111 1418 3141 nem
1454 3099 1647 3149 publicam
1691 3101 1903 3152 adegerunt
1926 3125 1941 3148 ,
1983 3113 2102 3152 atque
2129 3102 2179 3142 ad
2204 3103 2352 3154 cinguli

1330 3151 1501 3193 militaris
1526 3166 1613 3192 cum
1640 3150 1729 3194 ense
1746 3153 2014 3201 &Imperialis
2050 3154 2213 3195 amictus
2242 3152 2353 3205 supra
2408 3171 2410 3181 ³

1331 3202 1477 3244 sacrum
1489 3204 1614 3245 altare
1623 3203 1905 3254 depositionem
1918 3222 1928 3243 τ
1945 3220 2079 3246 coram
2096 3219 2178 3258 quo
2187 3208 2354 3249 amitibus
2402 3216 2407 3227 ·’

1330 3256 1382 3296 est
1409 3256 1563 3303 cilicio,
1600 3258 1640 3296 &
1659 3259 1914 3311 penitentium
1942 3258 2203 3306 indumentis,
2228 3272 2352 3312 atque
2398 3258 2400 3261 ’

1331 3311 1372 3348 in
1388 3307 1669 3350 Monasteriurn
1705 3308 1754 3349 ad
1793 3323 1951 3349 omnem
1978 3314 2098 3352 vitam
2126 3309 2317 3354 detrusus.
2408 3307 2411 3317 ’

1391 3376 1447 3400 10.
1472 3359 1618 3402 Verum
1641 3373 1754 3401 tanta
1783 3374 1908 3400 rerum
1938 3362 2172 3414 indignitate
2189 3360 2352 3407 fremen-

1334 3414 1436 3455 tibus
1474 3414 1624 3463 populis
1651 3437 1667 3460 ,
1711 3412 1922 3454 Lotharius
1957 3416 2104 3464 pudore
2144 3413 2303 3458 suffusus
2329 3442 2347 3471 ρ

1334 3477 1570 3516 omnemque
1594 3468 1633 3504 in
1661 3463 1871 3513 Episcopos
1907 3466 2063 3516 culpam
2095 3466 2302 3511 refundens
2327 3493 2348 3517 ³

1331 3521 1371 3558 in
1389 3519 1544 3559 Italiam
1571 3514 1737 3557 reversus
1768 3517 1822 3558 est
1839 3543 1854 3565 ,
1890 3520 2045 3561 incluso·
2066 3535 2197 3570 tamen
2226 3523 2267 3561 &
2291 3522 2369 3561 in·-

1330 3569 1498 3610 salutato
1526 3582 1634 3617 patre
1663 3569 1800 3609 relieto
1817 3597 1827 3608 .
1856 3569 2037 3619 Pipinum
2066 3586 2198 3614 tamen
2218 3575 2256 3612 &
2273 3572 2351 3614 Lu·

1330 3623 1515 3669 dovicum
1543 3623 1696 3675 veniam
1722 3635 1898 3672 petentes
1928 3629 2095 3674 optimus
2123 3637 2233 3717 patfr
2248 3637 2353 3664 com-

2168 3689 2192 3726 p
2209 3691 2303 3721 exus
2336 3720 2339 3721 γ
