2430 3958
330 226 617 320 Differt.
644 237 734 322 de
759 237 1169 320 Simoniaco
1195 238 1766 353 Religingreffu
1783 297 1803 317 .
1927 251 2083 342 389

54 352 188 401 ritualia
206 352 299 388 simul
318 354 351 386 δε
370 352 568 399 temporalia
589 352 695 387 bona.
716 351 807 389 curn
827 352 1019 398 igiturinter
1027 363 1078 387 re-

0 422 1 427 ,
53 395 182 438 ligiosae
192 406 229 429 ac
248 393 435 430 monastica
453 403 530 441 Vita}
538 394 725 429 communia
743 395 831 430 bona
847 395 1077 431 recensendum

51 437 149 477 titius
159 435 338 470 Monachis
346 444 403 469 aut
422 434 631 470 Monialibus
649 446 856 479 competenS,
879 447 916 472 ut
936 438 976 471 de
985 447 1076 470 com-

0 506 3 524 2
55 478 207 518 munibus
218 476 313 512 bonis
322 478 431 511 alatur
441 500 453 516 ‚
476 477 539 512 hoc
549 477 653 519 ipsum
662 480 711 519 jus
721 480 819 521 plane
829 478 998 527 spirituale
1008 477 1076 514 exi-

0 531 3 548 ι
53 519 107 553 stit
116 543 128 558 ‚
148 520 291 562 ideoque
308 529 378 552 non
389 519 493 566 potest
502 520 724 555 conventione
735 519 922 562 pecuniaria
933 531 1008 555 cum
1018 521 1078 553 ad-

51 561 215 595 mittenda
256 559 371 594 ersona
390 562 488 594 vendi
507 570 563 594 aut
583 561 719 596 redimi.
740 561 836 596 Sectis
853 562 899 596 est
917 562 951 595 in
970 559 1077 595 tenui-

51 601 110 640 bus
119 571 349 649 Monasseriis,
371 613 444 644 quae
464 601 541 636 cum
558 602 653 636 bonis
671 611 819 643 careant,
843 602 960 645 quibus
970 613 1077 637 recens

50 646 276 678 adnuttendus
287 645 334 677 ali
344 644 464 685 pollet,
486 645 555 677 haec
574 655 647 687 quae
659 646 847 679 nullatenus
862 644 1001 678 existunt
1017 643 1078 678 bo-

48 696 95 723 na
112 708 124 724 ‚
145 686 335 720 nullatenus
366 684 452 732 sacra
480 695 537 718 aut
565 684 748 728 spiritualia
767 684 983 732 denominari
1000 684 1077 726 pos-

18 742 28 751 *
49 725 126 761 sunt
144 749 155 766 ,
177 726 248 761 imo
268 737 310 760 ne
327 729 462 768 quidem
489 727 576 761 bona
595 751 608 768 ‚
629 726 707 770 quia
726 726 904 760 secundum
925 726 1075 760 Philolo-

49 768 152 808 phum
160 779 230 802 non
239 767 323 802 entis
331 767 517 802 nullael'unt
527 769 702 810 qualitates
711 780 725 807 ,·
747 767 889 809 ideoque
907 767 983 800 huic
991 776 1078 803 tem·-

47 809 174 853 poralis
192 809 239 844 rei
265 809 620 850 paetionisubtrahitur
637 819 686 843 res
702 808 877 851 spiritualis
888 831 899 847 ,
922 808 1077 855 proinde-

48 859 116 892 que
134 850 244 884 omnis
252 859 424 885 amovetur
433 851 572 885 simonia
582 875 594 891 ‚
616 850 830 893 supponendo
847 850 1076 884 admistionem

49 893 92 925 ad
112 891 328 934 Religionem
339 893 399 926 esse
411 892 508 934 plane
519 893 698 935 sincereque
707 890 884 938 gratuitam
895 915 906 931 ‚
927 893 1077 939 nullum-

47 943 115 976 que
132 935 152 967 a
162 935 240 968 dote
250 933 366 968 habere
378 935 563 974 motivum;
582 933 639 967 nisi
649 957 660 973 ,
671 941 708 967 ut
718 934 878 967 admonui
889 956 899 971 ,
921 935 1076 967 admitte-

49 974 285 1016 returpersona
296 975 360 1009 hoc
369 974 441 1009 solo
452 975 582 1010 motivo
590 998 602 1014 ‚
623 974 702 1018 quia
711 974 802 1008 illius
821 976 898 1007 dote
908 974 1077 1014 adjuvabi-

48 1023 105 1059 tur
129 1015 372 1052 Monasterium
391 1041 402 1056 ‚
424 1016 548 1051 etiamsi
565 1028 604 1051 ea
621 1039 634 1056 ‚
655 1026 728 1058 quae
745 1016 889 1058 postulat
907 1015 1077 1062 admistio-

49 1068 149 1098 nem,
172 1058 401 1102 agnosceretur
418 1058 558 1098 vitiosa,
580 1057 748 1100 improba,
771 1059 804 1091 δε
839 1068 922 1090 ravae
934 1057 1074 1091 indolis.

45 1098 102 1132 sic
111 1100 200 1134 enim
209 1111 279 1133 non
297 1099 462 1141 perlonae,
483 1099 536 1134 sed
555 1099 657 1133 solius
677 1099 764 1132 dotis
781 1098 822 1132 ha
844 1107 951 1132 eretur
971 1099 1074 1132 ratio.

95 1147 124 1182 ς.
146 1141 306 1180 0δὶεᾶὶο
329 1140 428 1183 porro
447 1144 487 1176 de
514 1140 618 1183 paffls
637 1139 803 1188 dotalibus
820 1139 904 1173 nihil
921 1139 1042 1174 obfistit
1065 1164 1073 1173 .

46 1180 338 1225 Qiandoquidem
364 1182 459 1224 pasta
477 1182 537 1216 illa
555 1182 718 1224 nuptialia
734 1181 925 1215 nullatenus
943 1184 983 1214 ad
1004 1193 1074 1215 ma-

44 1224 247 1259 trimonium
265 1223 428 1266 pertinent
439 1232 475 1257 ut
493 1223 539 1256 est
555 1223 819 1270 Sacramentum,
842 1221 894 1255 {ed
912 1232 949 1256 ut
966 1222 1073 1260 civilis

47 1266 236 1300 contrastus
254 1263 433 1299 &societas
441 1263 596 1297 omnibus
612 1263 760 1306 gentibus
770 1273 870 1297 etiam
888 1263 1072 1299 infidelibus

46 1306 256 1340 communis.
276 1305 421 1352 Ipsaeque
440 1306 534 1352 dotes
552 1308 586 1352 ὃς
605 1304 820 1339 connubiales
837 1306 1072 1340 conventiones

45 1355 140 1382 erant
150 1346 184 1380 in
202 1356 373 1380 communi
383 1354 673 1380 matrimoniorum
682 1345 739 1380 usu
749 1370 760 1387 ,
781 1356 957 1389 antequam
975 1347 1072 1381 Chri-

43 1388 87 1425 sti
104 1387 223 1431 religio
241 1387 452 1421 matrimonia
474 1388 633 1422 fidelium·
644 1388 794 1422 elevasset
812 1390 854 1422 ad
872 1389 1070 1423 Sacramenti

41 1429 80 1464 di
127 1429 247 1464 itatem
263 1441 276 1462 .·
298 1439 371 1471 quae
390 1426 466 1464 sane
485 1430 642 1471 posterior
660 1433 693 1464 &
713 1430 883 1464 accefforia
901 1431 946 1464 est
964 1433 1005 1464 ad
1024 1430 1073 1464 ci-

45 1471 82 1506 vi
97 1469 391 1518 empontrafium,
412 1470 491 1505 sicut
501 1470 702 1506 consecratio
712 1472 870 1514 posterior
878 1473 923 1506 est
933 1495 944 1512 ,
966 1475 1000 1506 &
1017 1483 1072 1506 ac-

45 1514 180 1547 cessoria
210 1511 344 1552 Calin,
367 1523 427 1546 nec
444 1512 581 1555 impedit
599 1512 727 1547 licitam
744 1513 886 1552 eiusdem
902 1513 1069 1552 consecra-

44 1553 73 1588 ti
91 1553 215 1588 Calicis
233 1553 456 1596 pecuniariam
477 1554 723 1589 venditionem.

86 1597 120 1629 6.
141 1594 294 1630 Praefatas
313 1597 391 1629 vero
407 1595 449 1630 ab
466 1595 524 1630 ino
548 1595 618 1630 ibus
627 1595 836 1630 Monasteriis
854 1608 912 1639 pro
930 1597 1071 1631 alimen..

39 1811 74 1837 te
94 1803 258 1846 preceffit,
283 1803 493 1838 Raimundus
504 1827 514 1844 ‚
537 1804 727 1846 posteriores
735 1813 847 1846 tamen
866 1805 925 1838 hac
934 1805 1070 1848 Synodo

39 1844 252 1878 Lateranensi
265 1867 276 1883 ,
299 1845 391 1884 cuius
402 1845 502 1879 etiarn
522 1845 586 1880 hoc
604 1845 709 1888 ipsum·
730 1848 892 1880 decretum
910 1847 1070 1889 allegant.

42 1885 133 1920 Tres
141 1885 194 1920 isti
207 1885 384 1932 ‘sanctitate
400 1890 437 1933 §q
456 1887 589 1934 publica
604 1887 706 1934 totius
728 1887 876 1934 Ecclesiae
886 1887 1072 1922 veneratio-

39 1937 85 1960 ne
101 1926 294 1967 conspicui,
315 1929 504 1962 eruditione
525 1929 771 1963 eminentissimi
789 1952 800 1968 ‚
823 1932 857 1963 &
877 1928 1070 1970 proseffione

38 1967 204 2015 {Religiosi
215 1989 226 2006 ‚
249 1978 392 2040 <zi-orum
402 1969 546 2015 maxime
565 1970 727 2012 perspicua
747 1969 936 2004 testimonia
955 1969 1071 2005 iisdem

40 2007 191 2052 :psorum
211 2019 278 2055 ver.
289 2019 316 2041 is
338 2009 390 2055 hic
411 2008 563 2050 suincio.

80 2061 118 2092 7.
139 2050 296 2084 Occurrit
312 2054 429 2096 animo
448 2050 607 2090 inprimis
625 2051 656 2084 S.
664 2050 838 2091 Thomas,
860 2052 919 2094 qui
936 2063 1005 2086 non
1024 2053 1071 2087 se.

36 2092 104 2127 nel
116 2115 127 2131 ‚
150 2091 204 2125 sed
225 2090 352 2125 diversis
363 2091 447 2124 locis
466 2092 549 2124 hanc
567 2091 666 2125 tradit
687 2092 874 2126 doctrinam
893 2106 901 2125 :
922 2093 962 2126 sic
981 2094 1071 2127 enim

37 2135 78 2168 lo
102 2133 194 2168 uitur
209 2133 290 2174 in4.
300 2132 370 2166 dist.
381 2141 474 2175 25.q.
485 2143 515 2166 2.
526 2144 555 2165 a.
565 2143 595 2166 2.
606 2135 647 2167 ad
657 2144 688 2174 7.
698 2136 869 2168 Dicendum
881 2157 891 2173 ‚
914 2135 1070 2175 quodcum

32 2144 215 2218 peffefflones
230 2175 360 2214 alicuius
376 2176 433 2207 loci
450 2174 591 2216 Relt‘gi‘ofi
599 2187 658 2208 non
667 2175 830 2216 fiaffici'unt
846 2177 885 2208 ad
895 2175 1072 2217 sustentan-

34 2218 242 2258 ampliares,
263 2226 338 2250 tunc
353 2215 448 2257 potest
456 2219 539 2256 exigi
551 2216 591 2248 ab
600 2229 652 2254 eo,
675 2219 729 2257 qui
745 2220 777 2249 in
787 2220 848 2250 loco
865 2219 916 2250 illo
927 2221 1001 2251 vult
1001 2219 1071 2259 fier-

33 2261 107 2291 vire
117 2263 181 2291 Deo
191 2281 203 2297 ,
225 2269 285 2290 non
295 2257 381 2298 quast
388 2259 523 2296 pretium
537 2258 718 2297 Religionis,
732 2258 786 2297 sed
797 2267 833 2291 ut
842 2258 950 2292 babeat
958 2263 1071 2292 Mona-

33 2299 164 2341 sterium
174 2321 186 2337 ,
205 2299 287 2331 unde
296 2300 324 2331 ei
337 2298 425 2339 poffit
439 2298 601 2343 providere
612 2320 623 2336 ,
645 2303 691 2332 (θ’
707 2296 772 2343 ideo
790 2309 849 2331 non
864 2303 1069 2333 committitur

29 2340 180 2382 simonia.
204 2340 363 2380 Idemque
381 2339 551 2371 inlumina
568 2337 779 2380 Theologica
791 2349 821 2372 2.
833 2350 903 2380 z..q.
917 2350 987 2372 100.
1007 2352 1026 2373 a
1038 2350 1066 2382 3.

34 2391 127 2414 totus
136 2379 226 2414 estin
245 2381 305 2414 hac
325 2379 536 2413 distin6tione
547 2379 615 2413 dati
635 2382 669 2413 δε
692 2379 816 2421 accepti
827 2390 887 2421 pro
896 2381 1001 2427 pretio
1021 2382 1067 2414 rei

32 2421 232 2463 spiritualis,
254 2433 328 2463 quae
345 2422 391 2454 est
411 2420 569 2463 Religio‚·
589 2424 623 2454 δε
642 2419 711 2454 dati
731 2424 765 2467 ὃς
784 2431 908 2462 accepti
927 2433 986 2462 pro
1004 2421 1068 2454 ali..

32 2462 149 2496 monia
160 2486 170 2502 ,
193 2473 266 2504 quae
285 2473 334 2496 res
351 2463 397 2496 est
414 2462 624 2503 temporalis,
649 2461 840 2503 atqueistud
849 2462 983 2504 quidem
992 2464 1064 2496 nul·

32 2505 107 2538 ,lam
127 2503 295 2538 involvere
313 2503 488 2536 simoniam
508 2504 622 2545 probat
641 2511 833 2545 argumento
853 2503 953 2538 <iusto
974 2515 1011 2538 ex
1036 2514 1065 2538 1·

32 2545 115 2579 Cor.
136 2557 167 2587 9.
197 2549 276 2595 ,Quis
293 2549 410 2578 militat
431 2546 493 2584 suis
511 2545 664 2586 stipendiis
680 2555 819 2586 unquam
837 2545 855 2577 ε’
875 2548 955 2589 Qis
971 2547 1066 2588 pafiit

27 2599 153 2631 gregem
172 2593 219 2622 (T
235 2589 272 2619 de
291 2587 371 2620 laHe
381 2588 467 2631 illius
484 2598 543 2618 non
560 2587 750 2632 manducat?⁸
770 2586 920 2632 Secundi)
930 2610 941 2626 ,
963 2599 1000 2620 ex
1011 2586 1066 2619 sti-

56 2628 161 2662 endiis
171 2627 381 2662 Clericorum
392 2629 433 2660 ad
445 2628 529 2660 sacra
542 2627 694 2660 obeunda
706 2627 882 2673 ministeria
894 2652 904 2668 ‚
929 2630 969 2660 ad
982 2629 1065 2669 plal-

46 2672 170 2705 eiidum
181 2669 216 2703 in
228 2669 344 2703 Choro
355 2693 366 2710 ‚
387 2670 430 2702 ad
450 2667 623 2702 Miffarum
632 2679 731 2702 onera
743 2690 754 2707 ‚
777 2669 830 2702 {eu
842 2680 900 2711 pro
911 2669 993 2704 vivis
1011 2670 1064 2703 seu

31 2722 94 2755 pro
115 2710 277 2745 defunctis
296 2734 307 2750 ,
330 2712 371 2744 ad
391 2709 596 2743 affistendum
651 2709 883 2744 rocellionibus
901 2735 910 2743 .
932 2710 1064 2744 Deinde

26 2755 76 2788 ad
95 2764 125 2796 4.
143 2761 374 2794 argumentum
392 2753 485 2800 quod
504 2750 560 2797 sibi
580 2750 634 2798 ipi
652 2750 821 2798 objecerat·
835 2754 874 2798 de
893 2752 1065 2786 Monaste-

31 2794 112 2834 riis,
136 2792 297 2836 inquibus
307 2794 435 2835 aliquid
447 2791 467 2826 a
478 2793 622 2834 personis
634 2815 645 2831 ‚
666 2803 748 2834 quas
759 2803 942 2834 recipiunt,
962 2792 1065 2836 exigi-

29 2836 87 2874 tur
103 2859 115 2875 ,
147 2835 197 2868 his
215 2835 386 2876 respondet
413 2834 516 2867 verbis
534 2846 542 2866 :
565 2836 736 2868 Dicendum
763 2833 841 2876 quod
858 2845 911 2876 pro
935 2839 968 2867 in
989 2836 1063 2877 reffu

29 2877 211 2918 Monaeflerii
228 2889 287 2910 non
305 2879 375 2909 licet
395 2877 514 2917 aliquid
531 2879 650 2916 exigere
670 2878 725 2908 vel
742 2880 805 2909 acci
824 2889 873 2909 ere
892 2889 951 2917 qua
966 2889 975 2908 ι
993 2888 1063 2918 pre-

29 2922 117 2960 tium,
129 2930 142 2952 .·
162 2917 236 2952 adei»
255 2921 329 2951 licet
347 2927 453 2951 tamen
471 2940 483 2956 ,
498 2917 528 2958 fi
546 2916 764 2958 Monasterium
795 2927 822 2950 it
846 2918 919 2950 adeo
939 2927 1029 2951 tenue
1051 2942 1062 2958 ‚

31 2958 114 3002 quaa
131 2960 335 3002 nonficfficiat
351 2961 390 2992 ad
407 2970 456 2991 eas
463 2961 600 2999 personas
618 2961 818 2998 nutriendam
835 2962 931 3000 gratis
940 2961 1063 3000 quidem

31 3001 192 3043 ingreffiam
211 3001 388 3043 Monasterii
404 3001 543 3033 exhibeat
561 3022 572 3038 ‚
586 3001 641 3040 sed
666 3000 760 3041 potest
785 3005 915 3042 accipere
942 3003 1062 3041 aliquid

27 3053 84 3086 pro
103 3040 190 3074 villu
214 3044 341 3084 perfimae
358 3065 368 3081 ,
392 3054 456 3083 qua
480 3046 513 3073 in
534 3040 713 3082 Monasterio
733 3043 801 3080 fuit
821 3044 987 3083 recipienda
1007 3065 1018 3082 ‚
1038 3043 1063 3084 fi

29 3085 71 3118 ad
89 3085 139 3116 boc
160 3087 221 3116 non
232 3084 395 3125 fiaffitiunt
412 3082 589 3123 Monasterii
607 3093 687 3124 opes.
708 3082 792 3117 Haec
810 3083 923 3125 utique
943 3082 1060 3117 ultima

31 3125 130 3158 verba
150 3134 284 3158 omnem
305 3125 505 3167 praeclu'dunt
526 3123 712 3158 evasionem
729 3136 866 3163 eorum,
887 3124 943 3165 qui
965 3124 1059 3159 verba

27 3166 61 3200 S.
78 3166 225 3199 Thomae
247 3166 462 3210 restringenda
483 3164 709 3208 praesumerent
727 3167 768 3200 ad
791 3165 904 3207 sponte
926 3165 1037 3200 oblata
1049 3178 1059 3207 ς

13 3223 20 3247 ,·
55 3205 304 3253 nandoquid'ein
323 3207 358 3241 in
378 3207 521 3242 confesso
545 3207 590 3240 est
609 3209 694 3248 apud
715 3219 830 3242 omnes
849 3207 943 3240 licere
962 3207 1061 3249 spon-

15 3219 64 3284 ὲ
81 3249 195 3282 oblata
216 3258 378 3289 accipere,
400 3249 523 3283 etiamsi
547 3247 726 3283 sufficerent
745 3247 939 3283 Monasterii
959 3261 1058 3290 opes,

0 3280 63 3329 fiat
85 3289 121 3324 D
134 3289 217 3323 fior
239 3289 416 3330 Angelicus
437 3300 474 3324 ut
493 3290 722 3324 conditionem
743 3290 899 3332 requirit,
923 3301 1059 3333 remque

0 3330 19 3355 ¹¹³
41 3331 54 3340 “
85 3331 154 3369 ,itat
173 3341 216 3364 ne
240 3330 433 3364 interveniat
457 3331 607 3366 Simonia
627 3355 637 3370 ‚
662 3332 770 3366 dicens
794 3344 802 3365 ε
821 3335 854 3365 Si
870 3333 909 3365 ad
927 3333 978 3364 boc
999 3345 1059 3366 non

12 3331 183 3537 ignum
204 3371 384 3413 Monasterii
403 3385 418 3405 o
437 3385 484 3406 es.
505 3374 693 3414 Nunquam
716 3372 806 3406 enim
825 3371 937 3414 sponte
958 3376 992 3407 δε
1011 3373 1058 3407 .1ἰ-

14 3424 21 3439 «³
50 3418 70 3458 ⁴„
106 3413 180 3447 liter
197 3412 310 3446 oblata
332 3436 342 3452 ‚
374 3411 404 3446 se
454 3413 527 3455 ipsae
548 3414 743 3456 pecuniariae
771 3414 997 3456 stipulationes
1017 3414 1058 3449 si-

0 3466 18 3490 ’ς
88 3454 179 3488 niam
197 3455 424 3487 constituunt:
443 3464 480 3489 ut
499 3455 666 3490 evidenter
684 3456 837 3490 definitur
846 3467 872 3490 c.
891 3455 944 3488 etsi
966 3467 1056 3498 quae-

13 3506 20 3540 ς
73 3502 174 3535 ones,-
197 3496 237 3528 de
257 3495 372 3529 simon.

15 3541 18 3566 5
60 3536 254 3572 ‘8582netus
267 3535 346 3570 item
355 3537 586 3583 Bonaventura
597 3551 664 3572 non
676 3539 775 3580 posset
786 3537 960 3571 dilucidius
971 3539 1055 3573 hanc

15 3577 121 3615 'suam
134 3577 275 3620 proferre
287 3577 490 3612 dodirinam.
514 3579 552 3612 Iri
570 3580 704 3614 Libello
723 3579 812 3613 enim
832 3580 1055 3622 Apologetico

15 3622 176 3659 'adversus
203 3619 440 3655 obtrectatores
464 3618 648 3672 Religionis
672 3621 821 3656 Fratrum
846 3621 1019 3655 Minorum
1040 3646 1053 3662 ‚

16 3701 19 3723 i

1121 352 1179 394 qui
1197 352 1329 388 habetur
1347 353 1381 388 in
1396 364 1480 388 tom.
1501 354 1791 400 1.,opuicu10rum
1808 348 1877 395 eius
1896 379 1908 395 ‚
1926 358 2080 400 'proponit
2100 370 2135 402 q.

1125 394 1172 427 18.
1182 394 1262 428 hanc
1279 396 1416 430 illorum
1425 395 1644 442 objeissiionem
1652 408 1661 429 ε
1669 437 1674 442 ¹
1682 397 1758 430 Cum
1773 409 1840 439 ergo
1842 398 1909 438 sitis
1924 400 2138 440 infor-maceres

1119 447 1226 469 earum
1237 460 1246 475 ‚
1259 438 1463 479 (loquuntur
1473 437 1516 469 ibi
1527 438 1567 470 de
1577 436 1783 472 Monialibus
1791 438 1905 481 Sancte
1915 439 2022 473 Clarae
2032 440 2045 480 )
2056 453 2136 483 qua-

1119 489 1151 510 re
1157 482 1333 519 permittitis
1342 502 1352 518 ,
1374 477 1570 522 quod-plures
1578 481 1658 519 apud
1676 491 1724 512 eas
1733 483 1850 521 impure
1859 503 1870 519 ,
1890 483 1920 514 id
1929 481 2030 523 estper
2043 483 2141 525 petia·->

1116 522 1202 551 niam
1212 523 1396 561 recipiuntur
1406 543 1417 559 ,
1440 519 1536 560 quaefi
1544 521 1722 560 nihilfecum
1732 523 1859 561 ferrent
1867 545 1878 560 ‚
1900 526 2079 558 nullatenus
2087 537 2142 557 re·-

1117 563 1144 592 ci
1163 571 1304 600 crentur,
1329 559 1486 602 &aperte
1497 561 1628 602 simonia
1645 563 1796 595 videtur?
1818 562 1970 605 Responsio
1986 588 1997 604 ,
2012 565 2042 607 st
2055 564 2144 598 illisa.

1116 612 1134 634 a
1150 605 1172 633 ii
1182 603 1327 642 faciunt,
1349 604 1384 635 de
1402 604 1451 635 boc
1467 614 1526 634 non
1540 602 1561 634 a
1572 603 1703 644 nobisfid
1721 604 1759 636 ab
1766 606 1827 636 illis
1834 604 1875 644 est
1883 610 1961 638 ratio
1969 608 2142 648 exigenda..

1118 644 1176 676 Sed
1185 653 1289 676 tamen
1297 653 1334 677 ut
1335 645 1562 685 fittisfitciamus
1570 645 1767 684 quarentibus
1774 646 1942 686 ‚sitiendum
1952 650 2028 688 quod
2038 659 2143 689 quan-

1117 693 1185 717 tum
1194 685 1362 726 speffatad
1379 686 1454 718 banc
1471 688 1655 725 materiam,
1676 688 1868 728 quadruplex
1885 687 1927 728 est
1935 690 2043 727 forma
2060 692 2138 722 reci-

1113 728 1215 767 piendi
1226 730 1257 759 in
1267 728 1410 759 Ordinem
1421 728 1661 767 qualemcunque
1671 750 1679 758 .
1689 731 1801 760 ‘Prima
1809 751 1820 767 ,
1842 731 1962 770 quando
1970 732 2079 770 aliquis
2087 743 2138 763 re-

1117 770 1225 808 cipitur
1241 781 1292 800 nec
1299 779 1352 810 pro
1360 771 1487 809 pecunia
1495 789 1506 805 ,
1531 779 1584 800 nec
1601 780 1668 801 cum
1675 772 1801 810 pecunia
1812 792 1821 808 ,
1835 771 1890 810 sed
1896 768 1971 811 pure
1979 781 2033 812 pro
2051 775 2113 804 Deo
2121 784 2135 810 ,-

1118 814 1164 843 U'
1173 808 1226 848 illa
1236 809 1277 848 est
1283 810 1440 851 purissima
1449 819 1549 841 coram
1562 813 1624 841 Deo
1635 815 1680 843 (θ’
1689 811 1852 844 bominibus
1861 835 1869 843 .
1879 815 2027 850 Secunda,
2039 824 2138 853 quan-

1115 851 1151 882 do
1169 853 1277 891 aliquis
1286 854 1427 891 recipitur
1445 862 1504 882 non
1510 859 1564 892 pro
1571 854 1699 891 pecum'a
1711 874 1722 890 ,
1735 853 1789 890 sed
1799 864 1868 884 cum
1876 857 2000 894 pecunia
2013 876 2023 892 ‚
2047 857 2090 886 ira
2101 863 2138 886 ut

1110 891 1138 933 fi
1155 893 1229 924 nibil
1236 893 1380 932 afferret,
1401 901 1506 924 tamen
1514 894 1695 933 reciperetur
1710 903 1764 932 pro
1774 897 1835 925 Deo
1843 905 1856 931 ‚·
1880 901 1926 928 (ff
1929 895 2073 935 similiter
2089 897 2139 927 hoc

1113 942 1225 974 purum
1243 933 1391 972 eBcoram
1400 937 1484 970 Deo,
1499 933 1553 972 sed
1562 932 1649 965 caute
1667 935 1814 973 agendum
1834 935 1874 974 cst
1889 947 1988 968 coram
2006 937 2137 968 homini-

1115 975 1166 1006 bus
1176 997 1186 1013 ,
1197 986 1233 1006 ne
1242 976 1330 1007 detur
1340 978 1379 1007 eis
1387 974 1491 1015 occasio
1493 975 1635 1014 scandali
1643 997 1654 1012 ‚
1667 980 1712 1007 (J
1721 986 1757 1006 ne
1761 975 1804 1015 fit
1814 975 1855 1006 ibi
1862 976 1987 1016 affec‘bus
1994 980 2137 1009 avaritia

1114 1015 1243 1056 infestus
1263 1018 1357 1057 exspe
1367 1018 1447 1049 lucri
1458 1039 1465 1047 .
1489 1017 1617 1054 Tertia,
1639 1017 1759 1055 quando
1770 1019 1836 1056 quis
1844 1021 1987 1059 recipitur
2004 1031 2063 1051 non
2078 1029 2137 1059 pro

1110 1061 1237 1099 pecunia
1249 1080 1259 1095 ‚
1282 1070 1334 1089 nec
1343 1067 1447 1089 tamen
1459 1060 1638 1098 reciperetur
1641 1057 1706 1097 fine
1713 1060 1840 1098 pecunia
1851 1080 1862 1096 ,
1885 1071 1916 1090 eo
1926 1057 2003 1099 qu'od
2014 1071 2072 1091 non
2081 1061 2140 1092 ba·-

1114 1098 1185 1132 bent
1200 1101 1292 1131 aliter
1309 1102 1355 1136 ei,
1378 1101 1431 1139 qui
1449 1109 1520 1130 eum
1537 1100 1706 1139 repriunt,
1728 1102 1761 1130 in
1779 1099 1996 1139 necessitatibus
2012 1104 2139 1141 corporis

1110 1141 1271 1181 providere
1280 1152 1292 1178 ,·
1313 1139 1382 1172 cum
1403 1147 1507 1171 tenues
1517 1140 1688 1179 facultates
1704 1141 1810 1173 domus
1827 1143 1886 1171 vix
1895 1141 2055 1182 sufficiant
2073 1142 2138 1174 iam

1113 1185 1235 1223 receptis
1254 1204 1264 1220 ‚
1288 1193 1341 1214 nec
1356 1182 1395 1213 aa
1414 1190 1463 1212 eas
1479 1181 1619 1227 audeant.
1626 1182 1733 1220 plures
1751 1184 1879 1221 recipere
1899 1205 1908 1220 ‚
1934 1189 1980 1217 (7⁹
1999 1182 2064 1222 istos
2076 1185 2142 1222 fiiis

1107 1223 1328 1267 sneceffitatibus
1337 1222 1471 1263 spoliare
1481 1232 1492 1252 .-
1515 1224 1562 1252 ita
1571 1223 1648 1261 quod
1665 1224 1867 1263 talisperfima
1877 1245 1888 1261 ,
1909 1236 1973 1263 quae
1975 1224 2018 1264 fic
2035 1228 2142 1265 recipi-

1111 1274 1185 1304 tur,
1201 1265 1407 1307 fiabundaret
1425 1264 1522 1300 locu-s,
1538 1261 1603 1303 fine
1619 1266 1749 1303 pecuniis
1768 1267 1966 1304 reciperetur.
1989 1267 2141 1298 Similiter

1111 1308 1224 1348 aliquis
1239 1308 1331 1339 auxit
1339 1315 1466 1338 uxorem
1473 1312 1594 1344 propter
1605 1305 1734 1337 divitias
1750 1310 1795 1338 (θ’
1805 1305 1994 1339 nobilitatem
2004 1306 2067 1346 eius
2076 1318 2141 1347 qua

1111 1347 1199 1381 babet
1216 1348 1324 1389 n‘lffim
1335 1369 1347 1386 ,
1368 1359 1420 1380 nec
1438 1354 1546 1378 tamen
1555 1353 1676 1386 propter
1685 1345 1733 1378 hoc
1749 1346 1836 1378 ducit
1851 1358 1920 1379 eam
1939 1351 2012 1387 quia
2032 1349 2138 1388 nasum
2175 1370 2180 1375 ν

1110 1390 1217 1428 babet,
1240 1399 1334 1430 quam
1344 1397 1450 1421 tamen
1453 1386 1561 1430 J‘inasb
1578 1395 1714 1425 careret,
1736 1388 1913 1420 nullatenus
1930 1388 2077 1429 duxisJet.
2099 1392 2143 1422 Et

1111 1432 1229 1465 beenon
1245 1429 1288 1470 est
1295 1434 1451 1472 impurum
1461 1452 1473 1468 ,
1495 1426 1566 1461 licet
1574 1439 1633 1460 non
1651 1436 1800 1471 appareat
1800 1428 1937 1468 forfitan
1951 1429 2112 1469 pulchrum
2131 1453 2140 1461 .

1144 1481 1256 1510 uarta,
1277 1470 1347 1504 cum
1363 1473 1475 1511 aliquis
1497 1472 1643 1510 recipitur
1661 1481 1765 1503 amore
1781 1472 1936 1512 pecunie,
1956 1473 2001 1502 ita
2020 1471 2096 1510 quod
2111 1470 2140 1512 fi

1108 1515 1220 1557 poffint
1235 1514 1503 1554 pecuniamillam
1523 1511 1628 1544 babere
1640 1511 1706 1551 fine
1721 1513 1847 1553 perfinia
1865 1533 1877 1550 ,
1899 1523 1961 1543 non
1978 1514 2143 1552 reciperent

1106 1557 1264 1598 personam
1274 1577 1286 1593 ‚
1300 1555 1355 1595 sled
1364 1562 1400 1586 ut
1407 1553 1539 1586 babeant
1544 1555 1703 1593 pecuniam
1714 1575 1725 1590 ,
1744 1555 1902 1594 personam
1913 1555 2061 1593 recipiunt
2072 1565 2082 1585 .·
2093 1559 2139 1587 0⁶⁹

1108 1599 1159 1631 boc
1165 1595 1284 1639 penitus
1292 1599 1449 1637 impurum
1459 1593 1502 1634 est
1509 1598 1556 1627 θ’
1565 1593 1759 1634 simoniacum
1768 1615 1780 1632 ,
1803 1598 1877 1634 quia
1884 1595 1927 1626 ibi
1933 1597 2060 1635 pecunia
2068 1606 2142 1626 cau-

45 1636 91 1672 tis
97 1637 338 1673 conventiones
347 1661 359 1677 ‚
381 1637 485 1672 modo
495 1649 530 1671 ni
555 1636 579 1671 il
589 1637 730 1672 influant
740 1637 774 1672 in
786 1638 982 1681 postulantis
1001 1651 1072 1681 per-
1099 1642 1141 1680 sa
1149 1638 1192 1681 est
1201 1640 1372 1679 receptionis
1386 1636 1514 1678 persona
1522 1657 1533 1673 ‚
1557 1641 1603 1668 (φ’
1614 1646 1672 1667 non
1684 1634 1700 1666 ι’·
1708 1636 1848 1674 convcrffi
1860 1658 1868 1666 .
1893 1637 1949 1668 Ubi
1958 1647 2024 1677 ergo
2035 1639 2141 1676 recipi-

39 1678 121 1728 sone
132 1677 319 1726 religiosam
331 1678 560 1714 admiffionem
569 1703 581 1720 ‚
603 1690 677 1722 quae
687 1678 775 1714 mere
782 1679 924 1723 gratuita
935 1680 970 1714 sit
983 1704 992 1720 ,
1015 1682 1071 1714 fie-
1108 1690 1162 1715 tur
1175 1681 1298 1723 persona
1304 1686 1427 1720 propter
1441 1678 1601 1719 pecuniam
1611 1699 1622 1715 ,
1639 1676 1768 1717 fimonia
1778 1676 1818 1717 esi
1827 1699 1838 1714 ,
1861 1680 1932 1718 quia
1941 1678 1982 1709 ibi
1992 1678 2141 1709 venditur

40 1720 71 1753 si
89 1722 181 1754 licite
191 1721 278 1762 polle
289 1743 300 1760 ,
321 1720 385 1755 tria
404 1719 463 1755 illa
475 1721 508 1754 in
528 1721 668 1766 Ecclesie
677 1723 765 1757 coelo
776 1721 887 1764 primae
907 1722 1072 1764 magnitu-
1101 1723 1265 1763 spirituale
1276 1743 1287 1759 ,
1307 1721 1337 1752 id
1346 1719 1387 1760 est
1395 1721 1573 1760 confinium
1582 1719 1756 1759 spiritualis
1756 1719 1907 1757 fhcietatis
1914 1729 1967 1759 pro
1977 1720 2140 1759 temporali

41 1761 132 1796 dinis
152 1761 266 1804 sydera
283 1762 460 1802 Thomas,
480 1763 713 1802 Bonaventura
723 1787 735 1804 ,
758 1763 859 1805 &qui
876 1763 975 1797 ambo
993 1773 1072 1797 aeta-
1101 1766 1219 1805 scilicet
1233 1764 1379 1804 pecunia.
1400 1763 1443 1794 Et
1453 1762 1501 1792 hoc
1507 1762 1648 1800 plerique
1657 1759 1785 1799 faciunt
1804 1761 1898 1792 etiam
1917 1772 1956 1793 ex
1973 1771 2058 1793 mera
2072 1762 2139 1792 ino-

1107 1809 1158 1847 pia
1168 1828 1179 1844 ,
1202 1814 1271 1846 opta
1277 1813 1341 1836 ntes
1347 1804 1485 1843 aliquem
1504 1804 1610 1833 venire
1619 1812 1688 1833 cum
1706 1801 1807 1842 opibus
1818 1823 1827 1839 ‚
1851 1813 1941 1841 quem
1953 1806 2119 1843 reciperent
2127 1824 2139 1839 ,

1110 1857 1146 1880 ut
1164 1858 1266 1880 eorum
1276 1847 1378 1886 inopia
1396 1851 1611 1885 repararetur,
1635 1844 1690 1874 vel
1709 1842 1808 1875 debita
1820 1842 2140 1884 contrafiafialveren-

1110 1897 1162 1921 tur
1172 1911 1183 1927 ‚
1205 1890 1260 1920 vel
1276 1887 1352 1919 bona
1361 1887 1516 1926 concupita
1524 1892 1699 1922 emerentur
1707 1906 1719 1922 ‚
1740 1887 1795 1918 vel
1804 1884 1924 1924 aedificia
1935 1883 2138 1924 construeren-

1109 1938 1183 1968 tur,·
1204 1931 1239 1962 de
1250 1928 1360 1962 talibus
1367 1929 1440 1960 dicit
1449 1924 1664 1967 Ecclesiasticus
1674 1938 1697 1957 c.
1709 1935 1758 1965 27.
1770 1928 1903 1966 Propter
1913 1929 2045 1967 inopiam
2056 1929 2139 1959 mul-

1110 1974 1136 2004 ti
1153 1973 1349 2010 deliquerunt
1360 1992 1368 2000 .
1392 1968 1450 2001 Ubi
1457 1965 1532 1999 vero
1540 1970 1668 2008 pecunia
1678 1969 1819 2007 recipitur
1826 1976 1948 2007 propter
1957 1969 2114 2009 personam
2125 1993 2136 2007 ‚

1113 2023 1207 2053 quam
1226 2014 1304 2043 alias
1321 2010 1449 2042 libenter
1466 2011 1653 2049 reciperent,
1669 2007 1848 2048 fibaberent
1858 2009 1936 2040 unde
1947 2019 2016 2040 eam
2032 2010 2134 2049 past-e-

1110 2062 1180 2085 rent
1188 2075 1199 2091 ‚
1221 2064 1279 2084 non
1291 2052 1418 2083 videtur
1436 2050 1490 2090 effe
1495 2049 1622 2090 simonia
1634 2071 1644 2087 ,
1666 2051 1826 2082 dummodo
1835 2050 1945 2088 forma
1956 2062 2024 2082 cum
2034 2054 2136 2083 inten-

1111 2097 1189 2126 tione
1206 2094 1376 2125 concordet.
1397 2095 1441 2125 Et
1449 2092 1498 2124 boc
1515 2092 1600 2123 modo
1611 2089 1814 2131 sustinemus,
1837 2090 1915 2130 quini
1926 2093 2039 2130 sorores
2057 2095 2136 2124 San-

1111 2133 1161 2167 ἑῖι
1169 2137 1262 2168 Clara
1271 2137 1419 2175 recipiunt
1425 2135 1585 2174 pecuniam
1595 2143 1663 2164 cnm
1670 2134 1799 2173 personis
1808 2154 1818 2170 ,
1834 2132 1863 2173 fi
1872 2134 1991 2172 quando
2000 2143 2133 2175 oporteat

1110 2177 1159 2209 ea's
1173 2178 1274 2218 plures
1280 2174 1418 2217 personas
1428 2177 1555 2215 recipere
1566 2195 1576 2212 ,
1599 2172 1697 2246 ssc'tm
1706 2175 1743 2206 de
1743 2174 1950 2213 facultatibus
1960 2178 2052 2208 Mona
2052 2175 2137 2216 sterii

1109 2217 1233 2259 congru&
1251 2218 1385 2249 valeant
1393 2214 1578 2258 sustentari.
1639 2213 1734 2248 οὲὶοι·
1743 2225 1821 2256 ergo
1830 2215 2020 2256 Seraphicus
2038 2226 2134 2250 nc⁰at

1109 2259 1170 2292 effe
1179 2257 1390 2303 simoniacum
1400 2280 1410 2295 ,
1433 2256 1454 2290 fi
1464 2255 1705 2303 Monasterium
1723 2266 1834 2290 carens
1844 2257 1875 2288 iu
1882 2242 2134 2303 fficientibus'i'h-

1108 2299 1282 2333 cultatibus
1291 2300 1331 2331 ad
1351 2297 1475 2331 vuffizum
1484 2301 1517 2330 δε
1528 2296 1793 2331 sustentationem
1806 2298 1999 2339 postulantis
2009 2322 2019 2337 ‚
2043 2310 2133 2332 recu-

1109 2339 1263 2373 setillum
1273 2339 1469 2377 admittere,
1491 2338 1548 2371 nisi
1568 2348 1782 2385 augmentum
1792 2339 1975 2384 temporale
1994 2351 2052 2380 pro
2071 2339 2131 2374 {iio

1107 2380 1196 2413 victu
1213 2380 1361 2413 conferat
1371 2380 1404 2412 in
1416 2380 1648 2413 monasterium
1661 2391 1670 2418 ς
1691 2379 1743 2412 sed
1763 2379 1783 2412 si
1795 2381 1939 2412 conterat
1950 2403 1960 2418 ‚
1982 2389 2060 2413 tunc
2072 2392 2133 2422 po-

1106 2420 1450 2461 stulansadinittatur‚
1472 2422 1552 2453 dum
1570 2422 1637 2453 duo
1650 2419 1706 2452 ista
1725 2420 1877 2462 quaesola
1896 2421 2046 2462 exprimit
2059 2445 2070 2461 ,
2092 2421 2131 2456 si-

1106 2464 1398 2495 mulconcurrant.
1422 2460 1571 2494 Primum
1583 2483 1595 2499 ,
1618 2469 1653 2492 ut
1663 2460 1904 2494 Monasterium
1922 2463 1958 2495 fit
1979 2462 2072 2504 inops
2094 2474 2132 2498 ac

1108 2502 1301 2537 insufficiens
1311 2504 1352 2536 ad
1362 2501 1489 2535 vietum
1506 2501 1685 2543 postulanti
1704 2501 1737 2534 lii
1762 2503 1992 2543 peditandurn.
2014 2504 2134 2538 Secun-

1107 2544 1150 2578 do
1161 2568 1171 2584 ,
1193 2553 1230 2577 ut
1249 2543 1385 2586 persona
1396 2544 1564 2576 dumtaxat
1578 2551 1708 2584 propter
1764 2555 1841 2576 eum
1858 2544 2073 2584 admittatur,
2094 2549 2129 2580 &-

1105 2597 1173 2619 non
1185 2594 1316 2627 propter
1323 2595 1505 2626 eamquam
1516 2583 1616 2617 defert
1627 2584 1798 2630 pecuniam
1808 2597 1816 2617 :
1836 2584 1920 2618 adeo
1931 2594 1965 2619 ut
1975 2585 1996 2618 si
2008 2585 2132 2620 Mona-

1105 2626 1370 2660 steriifacultates
1386 2627 1456 2665 ejus
1472 2635 1607 2666 quoque
1615 2624 1716 2658 victui
1728 2625 1909 2659 sufficerent
1921 2649 1932 2665 ,
1954 2638 2013 2660 nec
2023 2629 2132 2669 perso-

1104 2679 1145 2701 na
1167 2669 1333 2710 postulans
1351 2665 1535 2713 quidquam
1546 2667 1652 2712 secum
1662 2666 1809 2713 afferret,
1830 2666 1939 2701 nihilo
1950 2677 2059 2702 tamen
2070 2670 2132 2703 mi-

1104 2708 1166 2742 nus
1186 2709 1219 2742 in
1240 2709 1480 2742 Monasterium
1500 2715 1690 2754 reciperetur
1708 2731 1716 2740 .
1742 2708 1886 2754 Primam
1903 2709 2131 2745 conditionem

1106 2751 1203 2784 illam
1223 2759 1340 2783 notent
1358 2748 1570 2797 Monasteria'
1583 2771 1594 2788 ,
1617 2748 1732 2790 quibus
1751 2749 1924 2783 facultates
1944 2753 1985 2783 ad
2005 2750 2130 2786 vietum

1103 2803 1199 2825 novae
1209 2790 1403 2834 postulantis
1414 2792 1584 2831 suppetunt
1596 2813 1607 2829 ,
1629 2801 1730 2831 quam
1738 2800 1850 2824 tamen
1859 2790 1918 2824 nisi
1928 2790 1983 2824 sub
1992 2792 2132 2832 promis}-

1107 2833 1195 2868 sione
1215 2832 1358 2874 pecuniae
1377 2832 1549 2866 admittere
1567 2832 1706 2864 nolunt.

1146 2885 1176 2915 9.
1198 2875 1261 2908 His
1271 2874 1388 2916 pariter
1396 2872 1608 2913 adstipulatur
1615 2873 1750 2918 Sanctus
1761 2872 1968 2906 Raimundus
1977 2872 2129 2908 Canoni-

1110 2916 1232 2949 starum
1242 2915 1458 2956 Coriphaeus‚
1481 2913 1499 2946 εὶ
1516 2925 1584 2954 quo
1604 2921 1704 2946 etiam
1722 2912 1950 2947 Decretalium
1969 2917 2127 2950 volumen

1107 2957 1275 3001 Gregorio
1286 2967 1377 2990 nono
1389 2955 1473 2996 Papa
1485 2955 1610 2993 iubente
1621 2954 1775 2987 habemus
1785 2979 1792 2986 .
1814 2955 1881 2987 Hic
1890 2955 1975 2989 lib.1.
1985 2956 2128 2991 Summae

1103 2998 1161 3032 sub
1170 3009 1268 3040 cap-1.
1283 2998 1366 3038 §.22.
1375 2996 1420 3030 ita
1430 2996 1563 3029 effatur:
1585 2998 1618 3028 51·
1627 2995 1844 3036 Monasterium
1853 2997 1922 3038 effer
1929 2995 2003 3030 adeo
2013 3007 2103 3031 tenue
2117 3022 2128 3038 ,

1071 3051 1075 3054 ·
1102 3043 1158 3074 vel
1162 3049 1342 3082 paupertate
1351 3037 1512 3079 deprefflcm
1524 3060 1534 3076 ‚
1557 3037 1636 3077 quod
1646 3038 1758 3069 reditus
1766 3039 1822 3070 vel
1830 3041 1890 3070 vix
1898 3061 1909 3078 ,
1931 3040 1986 3072 vel
1994 3041 2128 3081 nonfief'..

1095 3083 1226 3123 ficerent
1233 3082 1360 3122 perfimis
1365 3079 1552 3122 praefintibus
1560 3089 1572 3117 ,-
1594 3089 1652 3110 non
1656 3077 1758 3118 solum
1767 3082 1970 3117 intentionem,
1971 3081 2062 3122 posset
2071 3082 2126 3114 ba-

1100 3124 1167 3156 bere
1177 3124 1242 3163 ‚fi-cl
1251 3126 1344 3155 etiam
1355 3122 1439 3153 credo
1449 3144 1459 3159 ‚
1471 3119 1548 3160 quod
1555 3118 1645 3161 posset
1654 3120 1750 3152 dicere
1761 3143 1772 3159 ‚
1794 3121 2015 3162 nonfiafficiunt
2024 3123 2102 3156 nobis
2110 3145 2124 3163 ‚

1099 3166 1227 3197 libenter
1228 3165 1403 3204 suscipimus
1412 3171 1440 3195 te
1450 3163 1488 3194 ad
1488 3162 1668 3202 spiritualia
1678 3183 1689 3200 ‚
1710 3162 1749 3194 ad
1758 3165 1941 3203 temporalia
1959 3175 2018 3196 non
2025 3164 2122 3206 poffu-

1099 3218 1167 3239 mus
1175 3205 1397 3247 nifibabeamus
1411 3206 1514 3244 plures
1529 3202 1725 3244 poffeffione55
1748 3208 1876 3237 (Ttunc
1894 3207 1948 3237 ille
1966 3206 2075 3245 offerat
2085 3207 2123 3248 se

1100 3249 1224 3288 (flua.
1245 3247 1335 3291 Qod
1352 3254 1458 3278 autem
1475 3246 1584 3277 dicitur
1601 3247 1634 3289 in
1645 3243 1850 3284 constitucione
1873 3247 1887 3286 (
1896 3245 2051 3279 nimirum
2069 3246 2123 3280 su-

1099 3287 1237 3331 praditffi
1246 3285 1467 3320 Lateranenfis
1477 3284 1647 3322 Concilii)
1668 3286 1769 3318 eodem
1778 3294 1841 3327 cap.
1852 3290 1996 3326 quoniam
2005 3309 2017 3326 ‚
2035 3290 2123 3329 vers.

1098 3332 1297 3372 'Paupertati's
1310 3336 1460 3370 pretextu
1471 3349 1481 3366 ,
1502 3328 1538 3359 de
1557 3329 1690 3359 simonia
1700 3349 1710 3364 ‚
1728 3329 1915 3372 intelligitur
1930 3327 2000 3362 cum
2016 3329 2066 3362 hoe
2074 3331 2123 3363 di-

1096 3373 1203 3405 cebant
1218 3374 1250 3403 in
1259 3371 1429 3411 fraudem.
1451 3367 1622 3402 Hactenus
1640 3368 1671 3400 S·
1689 3366 1916 3402 Raimundus.

1139 3423 1186 3446 10.
1209 3412 1334 3445 Eadem
1360 3411 1455 3443 docet
1471 3409 1579 3442 Gioff.
1597 3409 1631 3442 in
1649 3409 1682 3441 d.
1700 3419 1728 3442 c.
1745 3409 1925 3450 quoniam:
1946 3414 1977 3444 Ῥ
2014 3419 2047 3445 et
2062 3412 2120 3444 dici

1097 3453 1251 3496 (inquit)
1275 3450 1354 3493 quiid
1374 3452 1403 3492 fi
1418 3456 1463 3484 ita
1479 3461 1622 3492 pauperes
1631 3451 1711 3490 sunt
1726 3473 1738 3489 ‚
1768 3448 1847 3491 quod
1866 3463 1926 3485 non
1940 3462 1978 3494 po
1999 3461 2058 3485 unt
2079 3453 2120 3485 ibi

1095 3496 1177 3529 alias
1192 3498 1295 3535 aliquo
1313 3495 1398 3526 modo
1415 3495 1552 3532 aliquem
1571 3495 1698 3532 recipere
1717 3514 1729 3530 ‚
1751 3495 1824 3533 quia
1841 3503 1900 3525 non
1917 3494 2063 3526 baberent
2079 3494 2119 3525 ibi

1096 3539 1215 3571 viflum
1224 3547 1237 3574 ,·
1256 3535 1430 3577 pofficntfitb
1448 3535 1500 3566 hac
1515 3535 1618 3570 forma
1638 3536 1749 3574 recipi.-
1769 3535 1848 3575 ‘Non
1866 3535 2026 3574 babemus,
2047 3535 2119 3574 quia

1095 3581 1199 3612 demus
1207 3577 1262 3611 tibi
1268 3588 1322 3618 pro
1331 3577 1419 3609 vitiu
1431 3597 1440 3613 ,
1462 3575 1517 3615 nifi
1525 3583 1559 3607 tu
1567 3584 1666 3615 portes
1687 3584 1787 3607 tecum
1797 3577 1876 3610 unde
1897 3580 2010 3609 vivas.
2032 3579 2116 3608 Dum

1096 3630 1200 3653 tamen
1222 3620 1271 3651 boc
1290 3630 1348 3651 non
1366 3619 1486 3650 dicatur
1504 3619 1536 3647 in
1550 3617 1700 3655 fraudem
1714 3638 1721 3647 .

1676 3657 1708 3689 ,Κ
1720 3656 1742 3688 k.
1949 3666 1994 3689 ιι»
2013 3653 2076 3688 His
