2430 3958
0 0 2430 50 ἡ

720 202 1085 286 FHsto‘ea

83 323 185 368 'erio
214 318 433 372 mutuoque
468 315 656 362 consensu
688 316 766 363 sine
792 318 1109 373 tergiversatione

85 387 304 427 cogerent,
330 377 437 422 cuius
464 373 608 421 judicio
636 373 758 425 ambq
780 371 1068 426 acquiescerent
1091 396 1109 420 ,

84 428 138 470 ad
165 423 325 474 schisma
363 424 619 466 dirimendum
637 454 648 466 .
686 423 776 468 Pisis
807 428 942 478 itaque
976 422 1111 469 utrius-

88 491 167 531 que
202 480 332 527 partis·
353 480 552 528 purpurati
591 481 791 529 Principes
828 480 870 521 δι
908 475 1108 519 Antistites

85 543 310 574 convenere
339 556 350 568 .
389 526 563 572 Praesedit
602 531 793 574 Concilio
835 528 1109 573 cardinalium

19 588 21 591 ’
81 580 368 634 antiquissimus
396 581 531 623 Guido
568 581 616 624 de
656 583 742 626 Mal
766 581 846 625 sico
875 584 997 632 partis
1025 583 1108 633 qui-

82 635 174 676 dem
199 634 457 676 benedietinae
472 658 488 681 ,
516 630 579 675 sed
609 637 683 682 jam
713 649 738 676 ο
757 637 810 676 im
837 649 886 677 ex
913 632 1107 684 Episcopo

81 684 312 729 Pitstavienfi
350 699 502 728 creatus
538 699 631 728 ante
670 684 832 729 schisma
858 685 882 727 a
911 687 1107 736 Gregorio

82 741 154 781 XI.
189 737 388 779 avunculo
422 736 492 779 suo
528 738 752 781 Cardinalis
787 735 929 779 sanetae
963 737 1105 781 Crucis

81 793 124 833 in
160 789 411 844 Jerusalem,
444 791 485 831 &
520 790 765 839 postmodum
799 788 823 830 ὲ
855 789 1063 832 Clemente
1089 812 1106 837 ,

81 845 147 884 cui
174 840 328 883 adhaesit
359 841 605 884 Praenest'nus
631 838 862 892 Episcopus,
890 837 1032 890 semper
1050 853 1106 882 ta-

81 907 174 943 men
207 907 257 935 ex
290 896 413 935 veteri
447 908 524 936 con
544 893 727 936 uetudine
763 893 888 934 dictus
915 892 1106 939 Cardina·

81 943 409 998 lisissifflvienfi,
450 949 508 987 vir
535 946 741 993 doetrina,
769 945 996 993 prudentia,
1023 959 1104 986 om·

42 1042 45 1045 ,
81 1000 204 1048 nique
231 999 374 1038 virtute
402 997 648 1054 conspicuus.
675 995 865 1039 Recensiti
892 994 980 1039 sunt
1009 998 1107 1041 Car.

80 1049 266 1098 dinales,
293 1052 362 1100 qui
389 1050 440 1091 ab
478 1062 645 1101 utroque
681 1048 1003 1092 contendentium
1037 1047 1103 1090 ab·

65 1098 235 1145 {cessere
263 1115 424 1144 numero
450 1105 588 1154 viginti
614 1099 703 1143 sexa
724 1114 803 1145 tres
832 1099 1064 1143 Patriarchae
1084 1126 1102 1149 ,

79 1151 376 1197 Alexandrinus
403 1178 421 1202 ,
457 1153 735 1196 Antiochenus
759 1178 775 1200 ,
808 1151 1104 1209 Jerosolymita-

79 1219 179 1247 nus:
207 1205 495 1256 Archiepiscopi
512 1209 640 1248 caeteri
666 1207 708 1246 δι
736 1206 917 1255 Episcopi
943 1218 1101 1247 centum

81 1259 288 1310 octoginta
306 1275 318 1297 .·
346 1256 522 1299 Abbates
547 1260 703 1300 circiter
730 1261 893 1299 trecenti
911 1275 923 1299 .-
950 1258 1103 1300 Docto-

77 1325 137 1352 res
166 1313 202 1352 T
205 1309 325 1350 heolo
355 1311 366 1349 i
399 1308 559 1349 ducenti
597 1309 804 1359 octoginta
841 1310 920 1351 duo
947 1333 964 1358 ,
999 1308 1099 1352 licet

60 1364 222 1407 initio,
250 1373 294 1401 ut
350 1362 402 1400 eti
433 1356 557 1408 solet,
585 1364 784 1408 pauciores
803 1361 965 1403 fuerint.
993 1363 1101 1406 Con·

77 1409 261 1454 sederunt
297 1414 445 1461 pariter
479 1416 672 1453 Oratores
706 1413 854 1464 Regum
888 1415 1059 1457 Franciae
1082 1439 1099 1462 ,

71 1462 254 1516 Angliae,
280 1461 518 1517 Jerusalem,
546 1464 696 1514 Cypri,
725 1466 886 1515 Siciliae,
915 1466 1099 1517 Polonie.

75 1513 143 1559 Ab
170 1512 416 1557 Officialibus
445 1513 558 1557 sacrae
585 1517 734 1567 Synoeii
763 1518 904 1567 judicio
931 1517 1099 1570 postula-

73 1571 112 1611 ti
138 1566 387 1620 accusatique
413 1565 501 1608 sunt
530 1569 742 1621 Gregorius
767 1573 807 1612 &
833 1571 1063 1613 Benedictus
1080 1594 1098 1620 ,

72 1620 236 1671 iuridice
261 1634 307 1660 ac
335 1621 594 1670 peremptorie
619 1624 732 1664 citati
760 1623 810 1664 ad
831 1622 963 1665 valvas
980 1626 1020 1664 &
1036 1636 1099 1666 ex-

72 1686 138 1714 tra
164 1670 266 1714 sores
302 1670 499 1721 Basilicae,
535 1675 576 1714 in
661 1689 685 1716 a
721 1675 951 1718 Concilium
977 1676 1099 1719 iniba-

66 1736 144 1766 -tur
174 1749 192 1773 ,
225 1724 534 1776 examinatisque
571 1738 610 1768 te
645 1730 721 1768 ium
759 1742 897 1770 contra
932 1741 1096 1770 couten-

58 1777 215 1821 ‚dentes
241 1774 571 1826 depositionibus,
600 1779 751 1822 demum
780 1780 1002 1830 patentibus
1030 1781 1098 1822 Ec·

72 1829 201 1872 elefiae
231 1830 352 1870 valvis
371 1854 387 1877 ,
413 1830 517 1872 ledia
544 1832 566 1871 ὲ
601 1828 771 1883 suggestu
804 1833 998 1875 sententia
1024 1830 1096 1874 fuit

70 1894 223 1925 contra
265 1894 473 1932 utrumque
513 1885 822 1933 contendentem
858 1888 1014 1935 Petrum
1049 1884 1096 1925 de

72 1933 193 1977 Luna
217 1935 258 1974 &
287 1934 480 1984 Angelum
508 1937 746 1986 Corarium,
776 1940 831 1979 uti
859 1950 1002 1979 contra
1029 1951 1097 1978 no·

73 1990 204 2027 torios
230 1988 269 2024 ὃ(
297 1998 514 2033 pertinaces
537 1986 797 2030 schismaticos
825 1989 1048 2038 haereticos,
1074 1991 1097 2030 ὲ

71 2092 233 2140 periurii
261 2091 300 2130 ὅ(
330 2089 555 2130 violationis
586 2093 670 2130 voti
699 2093 904 2139 irretitos,
931 2092 1097 2144 ob··quae

69 2139 213 2190 seipsos
236 2141 419 2191 indignos
445 2145 552 2182 omni
569 2141 761 2192 dignitate
788 2139 1023 2192 exhibuisse,
1050 2160 1097 2186 ac

68 2192 196 2243 :reipsa
223 2192 418 2240 abieciffe,
447 2194 607 2242 privasie
625 2218 648 2240 ,t
667 2198 708 2234 &
735 2194 786 2235 ab
814 2194 984 2241 Ecclesia
1010 2210 1097 2246 prae-

58 2244 201 2293 scidisse
239 2244 371 2287 saneta
398 2246 583 2295 synodus
608 2245 819 2286 declaravit
836 2272 854 2295 ,
880 2263 926 2288 ac
955 2248 1097 2299 nihilo-

69 2303 200 2339 minus
237 2295 391 2337 eosdem
429 2300 555 2345 privat
586 2319 604 2343 ,
636 2296 769 2344 abjicit
806 2312 853 2338 ac
888 2300 1054 2347 praecidit
1082 2329 1094 2340 .

0 2362 3 2373 ¹
68 2346 284 2394 Ecclesiam
314 2346 533 2388 Romanam
563 2361 701 2389 vacare
727 2349 900 2391 decernit
927 2351 977 2390 ad
1003 2364 1093 2391 cau-

72 2402 218 2442 telam.
245 2403 395 2442 Omnes
415 2400 538 2451 Reges
564 2402 827 2451 acPrincipes
853 2401 1094 2453 cunctosque

0 2466 6 2478 ·
68 2451 204 2495 fideles
229 2451 282 2492 ab
317 2466 452 2493 eorum
481 2452 706 2493 obedientia
733 2451 903 2494 absolvit
921 2479 937 2501 ,
964 2455 1094 2504 prohi-

0 2513 6 2538 Ι
69 2505 241 2555 buitque
261 2530 277 2553 ,
313 2519 362 2546 ne
389 2517 474 2556 quis
503 2504 622 2546 alicui
648 2519 783 2550 eorum
809 2507 997 2551 auxilium
1021 2506 1092 2549 ,νεὶ

0 2578 8 2590 *
56 2555 245 2600 favorem
283 2556 474 2605 praestaret
503 2555 584 2610 ¹sub
628 2570 745 2605 poena
782 2563 1093 2600 excommunica-

0 2626 9 2663 ζ
60 2612 193 2651 aionis
224 2607 306 2658 ipso
333 2606 442 2654 ,faclo
471 2611 709 2651 incurrendae
730 2638 743 2650 .
768 2610 967 2663 Qiodque
995 2609 1022 2650 st
1050 2614 1090 2651 ii·

0 2669 10 2696 l
57 2662 158 2705 *dem
186 2658 348 2709 depositi
376 2674 510 2710 parere
537 2660 625 2702 huic
654 2662 839 2713 sententie
866 2675 1093 2704 contemne-

0 2722 7 2767 ’ς
54 2727 161 2757 sent
179 2738 196 2760 ,
224 2711 324 2763 ipsos
351 2726 566 2764 eorumque
601 2711 773 2756 fautores
798 2717 917 2755 etiam
944 2713 1092 2762 saecula-

0 2774 10 2800 1
61 2780 133 2808 ses
161 2765 376 2807 Potestates
411 2763 699 2814 compescerent
725 2794 736 2805 .
764 2764 981 2808 Amborum
1011 2781 1092 2813 om-

0 2838 11 2848 *
62 2820 139 2861 nia
163 2819 254 2858 aeta
280 2817 439 2865 recidit,
468 2821 650 2869 irritaque
666 2817 878 2860 declaravit
895 2847 906 2858 .
934 2820 1091 2865 Promo·

0 2882 12 2902 ¹-
69 2872 204 2913 tiones
231 2869 326 2909 vero
356 2869 629 2911 Cardinalium
657 2870 707 2911 ab
734 2874 780 2911 iis
807 2868 928 2912 factas
945 2895 960 2918 ,
990 2871 1091 2918 vide-

2 2922 16 2959 i.
70 2920 168 2964 {icet
190 2934 259 2971 per
288 2921 480 2972 Angelum
508 2912 775 2974 Corrarium'a
802 2923 863 2964 die
892 2933 925 2971 3.
952 2923 1047 2972 Maii
1073 2947 1090 2970 ,

69 2976 114 3015 &
139 2987 207 3023 per
236 2975 391 3015 Petrum
418 2974 635 3015 Lunensem
662 2974 684 3014 ὲ
711 2974 772 3016 die
806 2986 863 3023 ις.
889 2975 996 3034 Junii
1023 2989 1089 3016 an-

66 3027 114 3068 ni
141 3029 324 3075 praeteriri
356 3028 465 3075 ¹408·
491 3021 563 3067 esse
591 3025 722 3067 nullas
746 3027 934 3068 decrevit.

123 3085 160 3120 6.
189 3079 359 3126 Demum
387 3074 463 3125 seff-
493 3091 551 3123 19.-
568 3078 653 3126 post
670 3077 880 3120 solemnem
902 3074 1055 3119 Missam
1070 3103 1086 3127 ,

71 3132 116 3173 &
134 3129 303 3170 vividam
328 3127 647 3177 exhortationem
674 3131 724 3171 ad
752 3133 989 3179 Purpuratos
1014 3145 1087 3180 pro

67 3183 227 3232 optimo
252 3180 431 3232 eligendo
459 3180 673 3231 Pontifice,
700 3182 847 3234 ingressi
866 3181 952 3223 sunt
979 3183 1089 3224 Con.

60 3235 184 3288 clave
222 3232 486 3281 Cardinales,
518 3238 587 3286 qui
628 3238 799 3276 unanimi
834 3231 1085 3275 consensione

61 3286 232 3333 ,Petrum
261 3282 431 3335 Philargi
455 3288 471 3333 (
497 3287 564 3328 alii
593 3301 739 3328 vocant
769 3286 951 3329 Philareti
970 3289 990 3334 )
1019 3301 1084 3328 na·

61 3340 181 3385 itione
203 3337 405 3383 Graecum,
431 3343 557 3387 patria
585 3337 834 3387 Cretensem,
862 3340 1084 3389 elegerunt,

0 3404 24 3434 im
67 3394 139 3442 qui
158 3387 226 3430 sibi
246 3386 462 3430 Alexandri
483 3393 533 3431 V.
549 3406 693 3432 nomen
709 3389 861 3432 ascivit.
890 3390 1025 3432 Gallia
1043 3394 1084 3432 &

0 3460 34 3487 iii-e
61 3438 305 3496 'Univerfitas
336 3438 574 3491 Parifienfis,
599 3457 682 3495 quae
709 3443 897 3485 hactenus
923 3455 994 3491 pro
1017 3446 1084 3484 Be-

0 3494 35 3541 21.³
66 3493 228 3536 aedicto
262 3492 419 3535 steterat
438 3517 455 3540 ,
480 3507 526 3534 ea
560 3508 692 3538 tamen
718 3495 801 3548 lege
817 3521 834 3543 ,
862 3507 904 3535 ut
924 3495 1084 3546 quando

1 3564 25 3592 οη·
75 3550 145 3597 ''us
164 3542 382 3594 spontanea
400 3544 618 3589 demiffione
636 3549 685 3590 ad
704 3547 991 3590 conciliandam
1014 3549 1084 3588 Ec-

0 3614 23 3644 εἴη
62 3595 184 3653 itlefiae
212 3598 404 3643 unitatem
434 3610 529 3647 opus
555 3598 645 3644 esset
661 3625 679 3651 2
705 3601 893 3653 dignitate
919 3598 988 3642 illa
1014 3596 1081 3644 seu

0 3670 22 3694 in·

69 3738 71 3763 l

71 2035 151 2079 fide
177 2037 332 2084 devios,
363 2037 607 2088 notoriisque
635 2040 859 2085 enormibus
878 2041 1097 2083 criminibus
1121 2077 1135 2090 Δ,

1140 207 1508 318 ὃγηορῡει
1951 249 2110 314 437

1149 337 1240 365 vera
1262 319 1323 367 seu
1358 321 1553 366 umbratili
1577 322 1754 376 cederet,
1780 325 2006 377 perspiciens
2031 341 2165 383 nune,

1152 376 1260 425 quod
1294 378 1415 419 etiam
1448 387 1568 418 antea
1601 377 1734 420 multis
1768 382 1846 426 ejus
1886 379 2162 428 collusionibus

1151 428 1191 467 &
1215 427 1387 476 artibus,
1413 427 1552 479 quibus
1579 424 1682 470 suam
1701 430 1857 481 tegebat
1882 432 2161 485 ambitionem,

1150 477 1386 529 perspectum
1412 478 1624 525 habuerat.
1653 481 1766 524 illum
1793 480 1864 524 esse
1888 481 2129 538 foedifragum
2143 513 2165 537 ‚

1147 533 1224 575 eius
1250 534 1471 581 patrocinio
1498 528 1660 575 absceffit
1677 558 1693 581 ,
1721 547 1764 576 ut
1791 531 2021 578 Alexandro
2046 538 2162 581 inhae-

1149 596 1266 625 reret.
1292 581 1349 626 At
1368 583 1597 626 Benedictus
1625 581 1731 627 suam
1759 585 1898 628 dolens
1914 590 2160 636 imminutam

1144 635 1418 678 austoritatem
1444 632 1650 678 Avenione
1677 636 1814 678 relicta
1840 641 1882 679 in
1911 637 2162 692 Hispaniam,

1146 686 1248 727 unde
1273 686 1467 737 profectus
1493 684 1640 736 fuerat,
1667 686 1901 732 concesserat
1921 715 1938 739 ,
1973 692 2103 746 ibique
2121 692 2160 738 se

1148 735 1355 789 Aragoniae
1381 739 1530 790 Regum
1557 740 1693 790 opibus
1722 743 1909 791 tantisper
1937 743 2118 787 tuebatur
2146 775 2158 786 .

1146 790 1257 831 Nihil
1284 791 1377 833 vero
1412 791 1540 840 justius
1556 815 1571 839 ,
1607 791 1704 834 nihil
1732 792 1909 836 Ecclesiae
1935 796 2161 840 conducibi-

1145 840 1217 882 lius
1233 867 1248 889 ,
1277 842 1374 885 nihil
1410 844 1501 884 Deo
1527 846 1718 893 acceptius
1746 848 1982 897 proprioque
2008 845 2158 898 officio,

1129 895 1184 934 ,δι
1209 891 1326 943 fidei,
1365 897 1405 937 &
1430 897 1656 943 juramentis
1684 898 1830 937 iteratis
1856 902 2153 943 convenientius

1144 959 1253 996 agere
1280 959 1462 995 poterant
1489 949 1658 996 partium
1686 947 1936 997 Cardinales,
1964 950 2081 1002 quam
2110 965 2155 995 ut

1143 995 1167 1038 ὲ
1192 998 1520 1042 contendentibus
1550 1001 1710 1048 perjuris
1729 1024 1745 1047 ,
1786 1003 1826 1042 δε
1852 1016 1926 1051 prae
1957 1002 2155 1046 obstinata

1142 1049 1356 1101 ambitione
1382 1048 1557 1094 Ecclesiae
1584 1048 1736 1092 causam
1765 1053 1780 1099 (
1798 1053 1985 1104 quidquid
2010 1054 2156 1097 dolosis

1143 1102 1266 1143 verbis
1303 1105 1343 1144 δε
1376 1100 1575 1153 exquisitis
1605 1101 1893 1152 impossibilibus
1918 1105 2156 1149 conditioni-

1143 1152 1215 1194 bus
1242 1156 1556 1202 ementirentur)
1583 1155 1858 1204 prodentibus,
1886 1155 2155 1207 abscedentes,

1143 1210 1301 1247 unicum
1334 1205 1432 1246 illud
1466 1207 1672 1248 temedium
1708 1208 1894 1258 generalis
1932 1209 2109 1251 Concilii
2135 1236 2153 1260 ,
2199 1215 2215 1228 ³

1141 1257 1252 1309 quod
1287 1255 1406 1298 ambo
1442 1258 1726 1301 contendentes
1761 1273 1968 1309 tantopere
2005 1260 2152 1304 aversa-

1139 1309 1308 1356 bantur,
1335 1307 1445 1360 prose
1476 1322 1680 1351 uerentur.
1707 1311 1862 1353 Etiamsi
1888 1313 1980 1353 vero
2007 1316 2085 1362 ejus
2103 1311 2156 1355 sa.

1139 1360 1390 1403 iuberi-imum
1418 1376 1439 1404 e
1471 1362 1598 1403 ectum
1627 1366 1706 1402 duo
1734 1364 2013 1407 contendentes
2039 1368 2153 1414 impe·

1139 1413 1281 1454 dierint
1304 1438 1320 1462 ,
1347 1415 1450 1455 viam
1477 1426 1608 1454 tamen
1635 1416 1785 1462 aperuit
1810 1415 1998 1455 Concilio
2025 1415 2155 1466 postea

1140 1463 1323 1516 sequuto-
1342 1463 1635 1508 Constanticnfi
1655 1488 1671 1512 ,
1698 1477 1781 1517 quo
1810 1467 1967 1507 tandem
1995 1481 2051 1507 res
2077 1465 2155 1508 feli·

1137 1515 1219 1558 citis
1246 1518 1404 1566 peraeta-
1429 1516 1482 1557 est
1505 1541 1520 1563 ,
1547 1529 1615 1565 per
1649 1515 1880 1558 consensum
1908 1521 2018 1558 unius
2044 1519 2066 1559 ὲ
2093 1523 2156 1560 tri-

1137 1568 1208 1611 bus
1236 1567 1598 1615 contendentibus,
1633 1570 1710 1614 eius
1738 1568 1941 1616 videlicet,
1969 1572 2037 1621 qui
2066 1569 2155 1613 Ale.

1136 1621 1290 1663 xandro
1317 1635 1383 1671 per
1411 1619 1588 1661 Pisanum
1616 1619 1845 1660 Concilium
1868 1634 2056 1711 promoto
2075 1620 2154 1663 suc.

1135 1670 1293 1716 cesserat
1317 1691 1328 1713 ε
1358 1671 1483 1725 qualis
1508 1668 1716 1713 consensus
1752 1685 1835 1711 non
1885 1685 1993 1714 uerat
2020 1672 2043 1714 a
2070 1673 2154 1715 reli-

1135 1729 1221 1777 quis
1257 1725 1405 1770 duobus
1433 1723 1704 1768 vetustioribus
1730 1723 2057 1767 contendentibus
2086 1739 2151 1774 ex,

1135 1778 1348 1829 pefiandus
1364 1805 1375 1820 .

1187 1844 1225 1882 7.
1252 1829 1316 1872 Ad
1337 1831 1440 1871 Petri
1463 1827 1632 1880 Philargi
1649 1831 1939 1879 promotionem
1958 1827 2152 1871 nihilsor.

1136 1895 1258 1932 tuna,
1286 1881 1346 1924 sed
1375 1879 1457 1922 sola
1484 1883 1636 1928 virtus,
1663 1879 1854 1930 aspirante
1874 1881 2003 1922 divina
2030 1885 2154 1930 provi-

1137 1935 1454 1981 dentia,-omni'a
1471 1931 1694 1975 contulerat
1713 1947 1726 1978 3
1754 1947 1798 1973 ex
1824 1932 2044 1982 parentibus
2067 1932 2151 1975 infi-

1129 2002 1204 2034 imae
1222 1990 1336 2029 sortis
1355 1989 1396 2027 in
1415 1986 1537 2028 Creta
1561 1998 1701 2032 natus,
1727 1984 1893 2027 exordiis
1908 1983 2075 2027 infantiae
2094 1985 2154 2027 sti.

1136 2055 1223 2090 pem
1233 2039 1400 2081 ostiatim
1417 2036 1701 2080 emendicando
1718 2037 1941 2087 vistitarat,
1957 2037 2060 2080 hunc
2081 2038 2149 2081 Re-

1136 2089 1292 2143 ligiosus
1321 2091 1481 2143 quidam
1501 2090 1656 2135 Ordinis
1684 2086 1929 2131 Franciscani
1957 2094 1997 2141 in
2033 2090 2151 2141 samm

1138 2143 1263 2185 litium
1289 2156 1490 2194 proprium
1517 2153 1630 2184 aetatc
1653 2141 1783 2193 adhuc
1811 2155 1945 2195 tenera
1972 2141 2105 2196 ascivit
2133 2170 2149 2193 ,

1137 2200 1205 2247 qui
1222 2200 1298 2245 ejus
1311 2199 1517 2248 ‚ingenium
1544 2194 1844 2246 stupendamque
1864 2198 2092 2247 memoriam
2106 2199 2147 2238 δι

1136 2262 1272 2291 natam
1304 2249 1356 2290 ad
1390 2262 1547 2290 omnem
1586 2250 1767 2289 virtutem
1793 2247 1966 2288 indolem
2001 2245 2147 2298 suspici.

1134 2315 1202 2343 ens
1228 2326 1245 2348 ,
1279 2305 1532 2353 grammatica
1571 2299 1733 2350 primum
1761 2324 1777 2347 ,
1813 2299 1950 2340 deinde
1981 2297 2147 2351 Philoso.

1134 2352 1255 2400 phicis
1283 2357 1323 2393 &
1353 2352 1601 2402 Theologicis
1635 2349 1859 2392 informavit
1894 2348 2145 2404 disciplinis„

1134 2416 1262 2454 eoque
1284 2404 1446 2453 peraeto
1473 2405 1673 2454 tyrocinio
1705 2400 1872 2453 futurum
1901 2401 2061 2452 Ordinis
2087 2399 2144 2462 sui

1132 2467 1404 2496 ornamentum
1418 2454 1526 2501 ,veste
1545 2453 1756 2504 Religionis
1783 2450 2078 2505 Francis-canza
2124 2458 2131 2464 '

1130 2510 1198 2550 ciri
1232 2509 1380 2547 curavit
1396 2518 1560 2556 ,atque
1600 2503 1823 2549 in--ltaliam
1857 2503 2052 2557 abduxit,
2080 2469 2146 2550 3ἶῖ

1132 2558 1217 2608 post
1242 2558 1371 2606 multa⁴
1400 2555 1568 2605 sublimis
1596 2559 1634 2597 in
1658 2559 1739 2598 enii
1766 2554 2105 2608 edita-‚specimina
2129 2583 2148 2606 ,

1131 2623 1222 2653 cum
1246 2613 1494 2660 Superior-um
1521 2604 1621 2658 asfen
1640 2611 1731 2652 uin
1763 2608 1982 2656 primariam
2009 2604 2145 2661 Angli-

1131 2666 1167 2704 ci
1195 2663 1319 2713 Regni
1332 2658 1645 2707 ,Universitatem
1673 2657 1979 2710 transmigravit,
2005 2660 2055 2701 ad
2081 2676 2146 2702 ex-

1130 2714 1349 2759 colendum,
1368 2707 1448 2753 subv
1465 2710 1769 2762 praestantissimis
1795 2709 2062 2760 professoribus
2089 2715 2145 2754 in.

1129 2769 1285 2819 genium
1298 2793 1313 2804 η.
1340 2764 1464 2805 Unde
1500 2764 1745 2812 postmodum
1771 2765 1812 2803 in
1841 2761 2142 2805 florentissimam

1132 2816 1359 2864 Parisiorum
1390 2813 1690 2857 Universitatem
1724 2813 1905 2855 conceffit
1931 2837 1946 2860 ,
1982 2815 2023 2854 in
2062 2827 2143 2868 qua

1129 2871 1321 2913 DoCtoris
1359 2869 1491 2908 laurea
1525 2867 1731 2909 decoratus
1749 2864 1802 2905 est
1821 2893 1830 2904 .
1858 2863 1953 2906 Inde
1979 2864 2139 2916 Longo.

1129 2922 1300 2965 bardiam
1314 2923 1388 2961 iter
1405 2919 1600 2966 intendit,
1625 2921 1663 2958 &
1687 2917 1830 2966 Ioanni
1849 2915 2040 2957 Galeacio
2058 2918 2143 2960 Me-

1127 2975 1278 3018 diolani
1292 2974 1522 3016 vicecomiti
1540 2983 1745 3019 tantopere
1758 2969 1904 3018 placuit
1915 2993 1931 3016 ,
1946 2981 1988 3009 ut
2009 2971 2053 3010 in
2063 2984 2146 3019 om.

1127 3027 1243 3068 nibus
1267 3018 1395 3066 a⁰rduis
1423 3025 1590 3074 negociis
1620 3026 1698 3067 ejus
1731 3019 1901 3061 consiliis
1926 3019 2144 3072 acquiesce·

1127 3093 1207 3127 ret,
1235 3077 1256 3118 a
1272 3090 1353 3127 quo
1371 3078 1489 3116 etiam
1509 3074 1558 3115 ad
1594 3070 1734 3114 infulas
1763 3071 2135 3123 Archiepiscopatus

1127 3125 1427 3177 Mediolanensis
1442 3126 1646 3177 provetstus
1661 3124 1738 3171 est,
1767 3137 1881 3176 quem
1901 3127 2020 3166 etiam
2039 3128 2138 3166 miri.

1126 3181 1200 3223 fiee
1225 3180 1296 3222 suis
1316 3181 1499 3222 demeruit
1527 3175 1748 3230 obsequiis,
1776 3176 1936 3228 quando
1963 3174 2135 3226 suscepta

1125 3235 1226 3284 apud
1240 3232 1493 3276 Venceslaum
1509 3231 1785 3278 Imperatorem
1802 3227 1998 3279 legatione
2013 3253 2030 3276 ,
2057 3231 2139 3270 Ga·

1126 3288 1273 3334 leacio,
1301 3287 1370 3336 qui
1387 3296 1507 3324 antea
1534 3297 1615 3322 non
1646 3278 1714 3322 nisi
1739 3279 1858 3321 titulo
1884 3283 2138 3323 Vicecomitis

1125 3342 1167 3380 &v
1191 3339 1377 3385 Principis
1393 3334 1463 3376 *sub
1482 3335 1649 3384 Imperio
1670 3331 1856 3379 fiduciarii
1874 3331 2028 3373 honore
2045 3347 2136 3385 gau·

1123 3390 1263 3438 debat,
1290 3383 1712 3429 honorificentissimum
1732 3381 1798 3425 sua
1826 3383 2011 3425 industria
2036 3384 2136 3426 obti.

1124 3441 1426 3495 nuit,diploma,
1454 3452 1534 3491 quo
1552 3435 1724 3486 suprema
1744 3435 1940 3478 Galeacio
1967 3435 2136 3485 potestas

1122 3495 1273 3546 ejusque
1286 3490 1554 3533 successoribus
1564 3503 1650 3531 cum
1661 3488 1779 3529 titulo
1788 3487 2136 3530 Mediolanensium

1123 3549 1244 3589 Ducis
1261 3543 1399 3586 asserta
1414 3543 1643 3593 collataque
1661 3539 1737 3581 suit
1756 3553 1824 3589 per
1841 3553 1998 3580 omnem
2033 3537 2134 3580 Insu-

1124 3600 1245 3642 briam
1256 3627 1267 3637 .
1292 3597 1397 3640 Idem
1412 3596 1655 3645 postmodum
1669 3594 1904 3686 Inngcentio
1923 3590 2032 3642 Papae
2049 3590 2135 3649 ΧΠ.

1783 3658 1809 3684 0
2014 3654 2080 3691 qui
