2430 3958
391 216 844 300 ‘³Concilium
869 219 1312 308 Tolosanum
1334 292 1357 331 ‚
1416 259 1524 313 an.
1561 242 1648 316 1⁴2
1672 268 1703 316 2
1724 241 1788 318 8.
1822 238 1826 241 ’

82 329 172 380 nllus
180 334 241 368 elle
281 330 323 380 ui·
331 334 481 367 eamdem
498 332 535 366 in
542 341 662 380 tetram
672 333 720 379 ius
729 336 758 367 Ie
766 333 882 369 habere
892 346 927 377 pr
946 338 1084 371 tendant
1092 360 1104 376 ‚

81 375 179 416 leque
188 387 228 409 ex
236 388 259 410 o
297 384 350 408 clo
372 375 420 416 jus
430 373 525 408 suum
542 385 660 417 cuique
679 375 826 409 servandi
842 377 917 410 astri
954 389 1010 412 um
1026 378 1104 413 esic:

78 427 154 462 quae
164 415 363 452 diversorum
371 417 441 456 jura
452 418 603 450 nondum
621 414 639 449 εὶ
656 414 686 450 se
695 416 879 451 examinata
893 418 1104 455 discussurum

77 459 112 491 ie
121 456 501 504 quampfimumlicuerit
511 481 521 497 ,
546 457 737 499 pollicetur.
761 457 886 492 Interea
895 459 1041 494 Comitis
1052 460 1102 494 in-

76 498 236 533 detersum
243 509 280 532 m
290 499 479 542 extirpanda
490 499 594 532 haerefi
606 499 748 534 studium
758 504 792 534 &
811 500 957 535 laborem
973 503 1102 537 collau-

32 555 34 558 >
76 540 134 575 dat
145 564 156 580 ,
178 543 212 575 &
231 542 274 574 ad
293 541 564 583 perseverandum
582 538 726 583 impense
741 542 935 578 adhortatur
944 568 952 576 .

117 593 147 615 2.
167 583 199 616 Is
209 583 286 616 vero
297 607 307 622 ,
316 594 416 625 quern
426 582 559 624 praedixi
570 605 581 622 ‚
591 582 759 617 pontificis
768 584 908 630 Legatus
927 585 1102 622 Romanus

75 621 271 669 Concilium
281 624 408 669 Tolostz=
417 636 456 657 ex
466 624 767 663 circumiacentibus
775 623 962 667 Diecelibus
970 626 1100 668 indixit,

73 674 170 711 etque
188 664 335 707 praesedit
345 678 434 700 anno
447 676 535 707 1229.
545 666 638 712 cujus
646 665 739 708 praeci
762 676 823 699 uos
839 677 898 707 pro
909 666 1014 701 haerefi
1025 679 1100 710 pro-

71 705 218 749 fl1ganda
228 731 240 747 ,
251 711 284 742 &
294 718 372 750 pace
381 706 504 741 firmius
514 707 707 743 stabilienda
749 717 873 740 anones
883 707 935 741 hic
943 719 1076 750 appono
1086 723 1100 746 .-

125 751 224 788 Can.
252 751 286 789 I.
315 751 519 788 Statuimus
533 753 681 799 itaque,
703 759 743 787 ut
772 750 1036 799 Archieth'copi
1058 756 1099 797 &³

71 798 244 847 Episcopi
258 801 293 836 in
300 799 448 848 singulis
475 801 666 847 Parecbijs
675 825 690 845 ,
715 809 791 836 tam
805 801 841 834 in
855 801 1068 840 civitatibus
1083 830 1095 849 ,

70 851 315 896 quamextrd,
329 848 561 887 Sacerdotem
575 849 734 896 unum&
745 847 910 894 duos,vel
919 861 993 887 tres
1004 850 1096 890 bonae

73 901 248 945 opinionis
261 899 448 946 laicos‚vel
458 897 625 948 plures‚fi
638 909 717 947 opus
728 897 894 944 fuerit,S
897 913 1095 940 aeramento

71 946 287 995 astringant,
302 953 362 998 qui
377 949 566 997 diligenter
577 974 588 994 ‚
598 945 760 995 fideliter
774 949 813 990 (θ’
823 947 1029 998 frequenter
1043 956 1093 989 in.

68 1001 215 1046 quirunt
229 999 408 1036 baeretieos
421 1026 432 1045 ,
459 1001 495 1036 in
512 998 645 1046 eisdem
667 998 856 1043 Parochtjs
869 1026 879 1043 ,
895 999 1014 1040 domos
1021 1002 1054 1047 fi
1056 1018 1094 1039 n-

57 1047 198 1095 gulas,
225 1050 264 1091 (Β
289 1061 453 1087 cameras
471 1048 727 1096 subterraneas
749 1048 876 1094 aliqua
890 1047 1086 1099 suspicione

66 1098 239 1135 notabiles
248 1098 503 1146 perscrutando
517 1124 530 1142 ‚
555 1099 596 1141 (5
610 1095 767 1146 appensa
783 1099 848 1144 jeu
863 1099 1035 1146 adjunc‘ia
1052 1106 1090 1140 in

65 1146 194 1194 ijsdcm
209 1150 314 1186 tectis
337 1146 514 1193 aedificia‚
537 1147 601 1193 seu
621 1159 825 1195 quacunque
851 1144 930 1184 alia
957 1150 1089 1189 latibu-

66 1197 107 1232 la
127 1224 140 1242 ‚
166 1211 242 1246 quae
263 1201 380 1235 omnia
404 1196 536 1241 destrui
560 1198 806 1243 praecipimus,
830 1202 1087 1246 perquirendo:

63 1247 106 1289 ὁ·
123 1246 150 1290 [ἱ
171 1274 181 1291 ,
206 1260 284 1296 quos
308 1249 507 1285 invenerint
538 1245 717 1282 haereticos
735 1272 746 1291 ‚
772 1249 1088 1297 credentesfauto.

61 1308 123 1332 res
138 1299 177 1338 &⁵
191 1306 429 1345 receptatores
449 1293 477 1340 s
472 1308 512 1331 eu
527 1294 729 1340 defensores
753 1309 866 1334 eorum
877 1326 889 1344 ‚
917 1300 1087 1339 adhibita

57 1343 229 1390 cautela,
262 1357 302 1382 ne
328 1343 478 1392 effugere
500 1343 619 1391 possint
635 1370 648 1391 ,
674 1345 950 1398 ,archiepiscope
971 1378 983 1397 ,
1022 1355 1082 1392 vel

59 1393 261 1443 Episcopo,
290 1394 460 1433 Dominis
478 1393 627 1431 locorum
649 1420 662 1439 ,
683 1393 748 1441 seu
767 1394 1076 1439 Ballivis‘eorum-

52 1443 146 1482 dem
171 1457 250 1482 cum
277 1447 368 1481 omni
385 1441 597 1491 festinantia
624 1442 791 1486 studeant
812 1450 982 1489 intimare,
1003 1477 1016 1498 ‚
1045 1461 1083 1488 ut

55 1493 367 1542 animadversione
389 1493 515 1531 debita
534 1495 730 1541 puniantur
748 1494 787 1532 ζ’

34 1547 36 1555 '
109 1545 209 1583 Can.
236 1543 289 1583 11.
321 1544 399 1582 Hoc
417 1543 512 1581 idem
521 1543 669 1590 saciant
692 1544 858 1586 Abbates
872 1551 1028 1596 exempti
1042 1553 1078 1587 in

51 1594 144 1632 locis
158 1595 238 1642 suis
265 1621 278 1640 ‚
305 1606 379 1643 qua
403 1608 466 1631 non
487 1593 571 1640 sunt
596 1593 809 1645 Ordinarijs
825 1600 907 1646 jure
935 1600 1080 1637 Dioece.

50 1643 143 1696 sano
155 1641 338 1692 subjetssa.
1000 1679 1008 1689 ,
1030 1660 1039 1664 ·

106 1695 205 1733 Can.
232 1688 307 1731 111.
334 1690 491 1731 Solliciti
513 1693 623 1730 etiam
628 1693 702 1739 sint
722 1695 876 1736 Domini
903 1686 1079 1737 terrar‘um

50 1748 151 1783 circa
167 1743 417 1793 inquilitionem
437 1743 676 1782 baereticorum
702 1747 739 1782 in
761 1747 888 1794 villis,
915 1749 1075 1787 domibus

52 1798 96 1839 ὁ·
119 1794 313 1832 nemoribus
319 1793 552 1841 faciendam:
568 1794 608 1835 (5
622 1797 718 1832 circa
732 1795 930 1843 hujusmodi
945 1810 1077 1847 appen-

48 1845 121 1895 sa,
148 1841 399 1891 adiunclaffeu
417 1841 652 1890 subterranea
677 1844 1075 1895 latibuladestruenda.

101 1894 202 1932 Can.
231 1893 302 1931 lv.
336 1891 537 1930 statuimus
561 1896 672 1931 etiam
696 1920 709 1939 ,
745 1906 784 1932 ut
810 1900 1014 1947 quicumque
1039 1902 1075 1936 in

47 1954 152 1983 terra
158 1941 187 1991 s
180 1956 227 1979 ua
241 1942 288 1980 de
302 1951 423 1980 caetero
434 1945 618 1991 permittet
629 1941 776 1989 scienter
792 1949 923 1984 morari
937 1948 1074 1986 haereti-

47 2007 129 2033 cam
139 2019 150 2040 ,
161 1991 238 2038 sive
249 2001 392 2040 propter
398 1993 600 2038 pecuniam,
606 1990 687 2035 sive
702 1992 742 2029 ob
760 1994 874 2032 aliam
885 2011 1073 2044 quamcun-

45 2040 294 2094 quemdam,
322 2039 486 2085 &fuerit
498 2039 584 2076 «inde
594 2040 766 2087 confeffus
788 2055 852 2080 aut
873 2047 1068 2086 convietus:

46 2095 198 2132 amittat
208 2095 245 2130 in
253 2100 461 2140 perpetuum
471 2099 606 2126 terram
609 2087 715 2138 suam
727 2116 739 2135 ,
766 2092 806 2135 (5'
820 2106 940 2141 corpus
959 2093 1068 2141 suum

34 2137 89 2194 Jt't
99 2147 135 2180 in
147 2155 251 2179 manu
263 2141 409 2179 Domini
419 2138 472 2176 ad
477 2138 690 2186 faciendum
700 2140 783 2178 inde
798 2143 892 2191 quod
905 2143 1047 2183 debebit
1062 2175 1070 2184 .

100 2193 198 2232 Can.
229 2191 273 2228 V.
301 2189 346 2227 Si
360 2200 479 2226 autem
500 2187 708 2235 descientia
721 2193 903 2230 convicinis
918 2208 981 2231 non
989 2195 1072 2242 sue-

42 2246 96 2281 rit
111 2269 122 2288 ,
150 2245 189 2285 θ’
202 2240 353 2290 probata
364 2238 478 2285 suerit
487 2240 568 2274 cius
583 2237 793 2285 negligentia
808 2242 883 2288 diff
877 2243 972 2280 oluta
981 2270 993 2289 ,
1012 2247 1070 2283 vel

37 2291 250 2343 frequenter
265 2292 303 2326 in
316 2299 414 2324 terra
422 2285 492 2335 sua
506 2291 542 2323 in
549 2289 735 2323 veniuntur
749 2289 904 2328 haeretici
916 2317 928 2337 ‚
940 2294 999 2330 vel
1011 2294 1069 2340 su.

39 2354 110 2395 per
130 2341 190 2378 hoc
213 2338 258 2383 fit
285 2337 497 2382 diffamatus
511 2363 523 2382 ,
551 2339 662 2383 poenis
685 2336 854 2385 legitimis
870 2345 1043 2389 puniatur
1058 2373 1067 2383 ,

95 2391 195 2429 Can.
211 2389 282 2427 VJ.
313 2387 424 2425 Illam
445 2398 561 2424 autem
581 2385 719 2423 domum
733 2414 747 2434 ,
772 2391 808 2426 in
823 2403 893 2438 qua
906 2392 1068 2430 inventu&

33 2441 152 2489 suerit
175 2439 353 2476 hereticus
370 2464 382 2483 ‚
408 2436 623 2474 diruendam
645 2436 883 2486 decernimus,
906 2441 947 2482 (ς’
969 2441 1066 2480 locus

39 2488 116 2540 ipse
129 2488 211 2535 five
229 2487 370 2535 fundus
393 2485 610 2532 confiscetur.

0 2545 2 2552 '
90 2539 192 2578 Can.
218 2537 311 2576 V11.
341 2537 509 2574 Ballzvus
523 2548 631 2581 vero,
655 2536 922 2588 quisempcresl
937 2540 973 2576 in
994 2550 1064 2578 ter-

35 2604 86 2631 ra
110 2588 260 2635 refidens
283 2590 318 2624 in
342 2587 432 2630 loco,
458 2596 578 2623 contra
600 2599 700 2634 quem
720 2587 943 2636 praesumitur
964 2617 977 2636 ‚
1002 2590 1065 2633 nisi

32 2652 161 2681 eontra
183 2640 356 2675 baercticos
371 2635 483 2673 valde
495 2634 663 2682 sollicitus
688 2638 893 2675 inveniatur
917 2641 957 2681 ὅ
979 2640 1063 2676 dili-

31 2703 147 2741 gens,
174 2690 261 2725 bona
279 2687 349 2735 sua
374 2689 546 2730 amittat,
575 2687 614 2728 (δ’
634 2685 679 2722 de
694 2699 824 2725 ‘caetero
847 2701 906 2725 nec
928 2688 980 2725 ibi
1003 2703 1062 2726 nec

38 2739 134 2783 alibi
155 2737 382 2775 constituatur
408 2735 590 2773 Belli-vus.

53 2785 58 2789 ”
77 2789 213 2822 Summa
237 2786 329 2824 huius
340 2784 423 2818 ratio
442 2784 529 2817 estin
549 2785 615 2824 i'u‘re
634 2784 771 2821 fundata
784 2809 794 2825 ‚
816 2784 891 2827 quia
912 2785 1062 2820 facientis

27 2832 169 2872 sculpam
181 2827 398 2870 proculdubio
408 2825 502 2873 nabet
513 2849 523 2864 ‚
531 2827 589 2873 qui
599 2830 690 2868 quod
699 2828 805 2870 potest
814 2826 973 2870 corrigere
983 2851 993 2866 ‚
1004 2839 1061 2861 ne-

27 2871 130 2915 fgligit
147 2871 337 2904 emendare.
359 2869 703 2910 Scriptumquuppeest
713 2871 815 2903 Rom.
828 2879 854 2901 1.
871 2869 1060 2910 Nonsbliom

29 2916 94 2954 qu?
102 2914 248 2952 faciunt,
263 2912 318 2952 sed
338 2913 435 2955 etiam·
444 2913 496 2950 qui
513 2911 722 2951 consentiunt,
737 2912 921 2952 facientibus
934 2915 1060 2952 partici-

31 2965 85 2997 pes
101 2954 293 2994 iudicantur.
315 2951 358 2985 Et
368 2952 450 2985 nihil
463 2952 591 2992 prodest
608 2963 677 2996 non
696 2953 803 2995 puniri
823 2952 976 2993 proprio,
1024 2952 1068 2986 uiv

34 2995 271 3041 puniendusest
281 2993 393 3028 alieno
405 2992 749 3034 peccato‚c.f2cientis
758 2996 902 3035 culpam,
925 2993 996 3027 dist.
1026 2997 1056 3027 6.

87 3039 185 3076 Can.
211 3039 326 3076 vul.
357 3039 418 3074 Ne
433 3047 549 3072 autem
564 3041 762 3074 innocentes
774 3050 838 3086 pro
849 3042 1049 3074 nocentibus

31 3091 256 3139 puniantur,
280 3097 342 3135 aut
361 3084 572 3136 quibuslibet
587 3097 652 3135 per
675 3088 868 3137 aliquorum
883 3087 1054 3124 calumni-

29 3139 94 3177 am
116 3138 280 3174 haeretica
303 3138 475 3186 pravitas
497 3138 711 3184 impingatur
731 3164 742 3184 ‚
771 3135 957 3181 [latuimus
972 3163 982 3182 ,
1010 3151 1051 3174 ne

27 3187 168 3236 asliquis
188 3195 225 3222 ut
239 3185 382 3222 credens
405 3185 463 3222 vel
487 3186 669 3223 hareticus
681 3190 851 3236 puniatur
867 3213 878 3232 ,
905 3185 967 3230 ntfi
983 3197 1051 3234 per

69 3236 250 3287 piscopum
273 3234 338 3272 loci
361 3261 372 3281 ,
398 3235 457 3272 vel
483 3237 643 3284 aliquam
664 3236 847 3286 perfhnam
871 3235 1050 3282 Ecclesia-

60 3288 151 3324 icam
167 3313 177 3330 ,
205 3297 280 3334 quae
300 3280 501 3333 potestatem
519 3285 651 3324 habeat
664 3314 677 3334 ‚
697 3287 812 3334 fuerit
833 3285 976 3323 credens
990 3287 1051 3324 vel

50 3339 212 3379 ,creticus
235 3334 429 3371 iudicatus.

48 3422 50 3425 ,
81 3387 178 3424 Can.
205 3384 300 3423 ΧΠ.
326 3381 494 3430 UnIverfi
503 3396 579 3424 tam
591 3379 710 3424 mares
722 3413 734 3433 ‚
749 3387 858 3435 quam
866 3384 1020 3432 foeminae
1035 3412 1049 3433 ,

65 3435 176 3482 asculi
203 3436 230 3472 ὰ
255 3446 307 3480 14·
331 3446 416 3469 amm
441 3459 455 3479 2
483 3436 637 3482 foeminae
661 3439 689 3473 d
713 3448 772 3473 12.
796 3436 954 3481 abjurent
979 3450 1049 3472 om-

27 3498 108 3524 nm
133 3483 284 3528 baeresim
312 3482 533 3522 extollentem
554 3485 595 3533 se
619 3483 798 3523 adversus
814 3482 981 3531 sanciam
1007 3487 1048 3527 (5

24 3534 258 3572 catholicam
297 3533 498 3570 Romanam
528 3533 724 3579 Ecclesiam
751 3537 791 3578 ἐπ’
818 3535 1047 3572 orthodoxam

0 3581 139 3630 iffid'em
163 3610 176 3630 ,
201 3580 452 3632 quibuscunque
476 3585 666 3622 nominibus
691 3584 873 3632 censeatur
897 3597 905 3622 :
929 3586 1046 3631 jurent

0 3625 137 3691 Jssetiam
149 3660 161 3682 ‚
173 3629 384 3683 quodfidcm
396 3633 624 3672 Catholicam
639 3660 652 3680 ,
675 3649 781 3683 quam
798 3635 960 3672 Romana
976 3634 1048 3672 Ec-

22 3698 25 3731 Ι

1948 266 2106 337 391¹
2156 264 2158 266 ’

1146 340 1248 401 ἄιε-βα
1259 355 1351 384 tenet
1368 371 1380 391 ‚
1392 347 1567 395 praedieat
1581 375 1593 395 ,
1603 349 1800 396 servabunt
1811 375 1823 395 ‚
1851 351 1890 394 (5
1904 351 2080 392 baereticos
2092 366 2155 403 pro

1147 393 1283 432 viribus
1305 396 1553 445 persequentur
1577 425 1590 445 ,
1617 399 1657 442 ὼ·
1680 413 1736 439 cos
1763 400 1850 437 bona
1860 399 1937 446 fide
1953 403 2172 449 manifesta·-

1147 439 1228 500 bunt
1243 471 1252 480 .
1279 447 1441 483 Nomina
1463 457 1580 484 autem
1593 451 1738 486 omnium
1752 452 1905 487 virorum
1919 465 1961 488 ac
1976 453 2154 492 mulierum

1147 503 1183 527 tn
1206 495 1360 541 qualibet
1383 497 1561 535 Paroehia
1582 498 1839 545 conscribantur
1860 526 1872 545 ,
1899 502 1939 544 (⁰5
1965 515 2074 540 omnes
2102 516 2157 540 co-

1145 553 1224 579 ram
1246 544 1421 594 Episcopo
1438 572 1450 590 ‚
1476 546 1535 583 vel
1559 559 1673 584 coram
1696 548 1787 586 bonis
1810 551 1902 586 viris
1918 577 1931 596 ‚
1957 553 2077 600 quihus
2093 553 2153 589 boe

1143 589 1400 632 demandatum
1415 595 1531 642 fuerit
1547 622 1558 640 ,
1583 596 1740 645 praeslent
1749 600 1986 646 juramentum
2000 601 2155 649 pramis-

1138 640 1217 698 sum
1231 670 1239 679 .
1268 643 1362 690 Etsi
1381 648 1456 694 quis
1470 645 1594 691 absens
1608 647 1743 694 fuerit,
1770 650 1810 691 (5
1831 648 1901 696 posi
1916 650 2069 687 reditum
2082 653 2153 699 ejus

1141 691 1240 737 tnfra
1271 706 1329 741 ις.
1352 695 1434 732 dies.
1450 694 1546 732 idem
1561 695 1830 735 Sacramentum
1845 713 1907 735 non
1924 699 2122 747 praesliterit
2137 728 2151 748 ‚

1140 743 1233 787 quod
1246 756 1289 780 ex
1305 744 1512 793 inspeclione
1527 749 1697 784 nominum
1716 750 1846 797 poterit
1867 759 2042 797 apparere
2059 777 2070 794 ‚
2093 749 2120 795 s
2115 765 2151 787 u-

1134 789 1275 837 spee‘lus
1297 794 1343 831 de
1363 793 1482 839 haeresi
1502 795 1677 832 habeatur
1705 811 1718 835 .·
1745 795 1942 845 hujusmodi
1968 802 2150 847 autemju-

1138 852 1334 880 ramentum
1345 843 1500 892 singulis
1521 845 1667 893 bienmys
1690 858 1895 884 renovetur.

1188 891 1241 929 Ca
1249 906 1283 929 n.
1302 894 1417 932 XIII.
1443 896 1576 932 Omnes
1590 906 1708 932 autem
1722 895 2012 945 utriusque-sexus
2028 925 2039 944 ,
2065 898 2157 948 posi-⁸

1136 951 1243 987 quam
1268 943 1319 979 ad
1347 958 1455 982 annos
1477 942 1697 992 discretionis
1720 945 1931 984 advenerint
1945 974 1955 992 ,
1982 949 2150 995 consessio-

1135 1002 1211 1027 nem
1226 1001 1279 1028 ter
1303 995 1338 1029 in
1362 1008 1452 1030 anno
1474 995 1623 1040 faciant
1634 998 1774 1043 proprio
1788 995 1982 1034 Sacerdoti
1997 999 2055 1035 vel
2080 999 2146 1036 alti

1135 1039 1181 1076 de
1192 1042 1372 1080 voluntate
1383 1043 1484 1091 ipsius
1498 1043 1556 1081 vel
1568 1045 1738 1082 mandato
1752 1071 1764 1091 ,
1790 1044 1982 1083 iniunctam
1994 1051 2150 1094 peniten-

1134 1091 1224 1127 tiam
1246 1092 1424 1130 humiliter
1444 1096 1484 1136 (5
1504 1106 1568 1142 pro
1592 1094 1733 1131 viribus
1756 1095 1962 1143 impleturi:
1990 1098 2028 1139 (Β
2043 1109 2096 1133 ter
2110 1101 2146 1135 in

1133 1153 1223 1177 anno
1245 1143 1280 1178 in
1304 1142 1444 1180 Natali
1468 1143 1637 1189 Domini,
1666 1143 1835 1191 Pascha,
1861 1146 1902 1188 (5
1926 1145 2121 1191 Pentecoste
2136 1174 2151 1195 ‚

1134 1188 1405 1229 Sacramentum
1425 1192 1657 1237 Euchariftiae
1679 1208 1756 1230 cum
1773 1197 1862 1231 omni
1878 1198 2081 1232 reverentia
2094 1195 2149 1241 su-

1127 1237 1156 1286 s
1150 1243 1284 1286 cepturi
1296 1267 1307 1286 ‚
1317 1244 1371 1278 ita
1379 1242 1472 1291 quod
1483 1242 1650 1291 Confessio
1661 1245 1939 1281 Communionem
1950 1246 2090 1293 praeeed
2093 1257 2144 1285 at:

1131 1288 1298 1336 mfiforte‘
1319 1291 1358 1327 ob
1385 1292 1544 1340 aliquam
1565 1290 1710 1339 causam
1731 1294 1977 1330 rationabilem
1997 1295 2049 1331 ad
2063 1307 2150 1332 tem-

1128 1349 1198 1386 pus
1221 1340 1267 1375 ab
1294 1343 1371 1378 eius
1394 1344 1668 1391 participatione
1688 1340 1914 1385 abstinuerint
1937 1344 1983 1380 de
2010 1344 2141 1390 confilio

1126 1392 1262 1436 proprii
1285 1389 1516 1429 Sacerdotis.
1545 1391 1697 1430 Solliciti
1713 1390 1783 1436 sint
1806 1394 1926 1441 itaque
1953 1393 2143 1439 Presbyte-

1128 1440 1161 1473 ri
1181 1440 1278 1475 circa
1299 1438 1366 1485 isia
1376 1467 1389 1486 ,
1414 1451 1453 1478 ut
1463 1455 1507 1478 ex·
1522 1444 1691 1480 nominum
1702 1440 1905 1488 inspec‘lione
1920 1441 2120 1488 cognoscant
2132 1471 2145 1489 ,

1121 1486 1211 1533 sicut
1229 1487 1396 1537 superius
1415 1492 1608 1540 expreffum
1631 1489 1677 1535 ell
1689 1517 1702 1537 ‚
1729 1489 1844 1527 utrum
1853 1490 1921 1535 fine
1937 1491 2071 1538 aliqui,
2085 1497 2146 1540 qui

1126 1542 1376 1588 communicare
1385 1539 1646 1589 subterfugiunt
1662 1568 1670 1576 .
1695 1540 1740 1577 N
1742 1554 1800 1575 am
1803 1538 1836 1582 fi
1852 1544 1932 1588 quis
1943 1543 1969 1576 a
1980 1542 2015 1577 C
2016 1556 2143 1579 ommu-

1125 1591 1226 1625 nione
1249 1592 1306 1626 nit
1329 1590 1376 1626 de
1395 1590 1527 1634 confilio
1541 1590 1678 1639 proprii
1689 1588 1900 1626 Sacerdotis
1911 1589 2138 1638 abstinuerit,

1117 1636 1304 1684 suspeHus
1325 1639 1370 1676 de
1393 1639 1511 1683 baeresi
1532 1640 1726 1676 habeatur.

1165 1685 1355 1721 Proximum
1371 1689 1463 1730 quod
1481 1689 1687 1723 antecesserat
1703 1686 1926 1733 generale-sub
1943 1687 2141 1722 Innocentio

1120 1729 1182 1773 ΙΙΙ.
1204 1729 1419 1763 Lateranense
1439 1729 1634 1765 Concilium
1651 1752 1662 1768 ,
1684 1729 1838 1763 omnlbus
1856 1738 2037 1766 iniunxerat
2059 1741 2140 1763 con-

1120 1769 1333 1816 ieffionem&
1351 1770 1609 1807 Eucharisticam
1628 1769 1900 1806 communionem
1918 1769 2016 1804 semel
2036 1771 2140 1814 fingu-

1120 1811 1161 1844 hs
1178 1813 1272 1846 annis
1290 1823 1361 1846 can.
1380 1824 1429 1846 21.
1452 1811 1504 1846 sed
1514 1811 1734 1847 Tolosatense
1754 1811 1837 1844 istud
1856 1811 2053 1846 Concilium
2065 1824 2138 1854 pro-

1119 1863 1190 1894 pter
1215 1854 1359 1888 haeresim
1375 1865 1413 1888 ex
1432 1853 1502 1887 illis
1520 1853 1603 1887 locis
1629 1853 1870 1898 eliminandam
1888 1876 1899 1891 ‚
1928 1862 1977 1887 ter
1995 1853 2029 1887 in
2048 1865 2138 1887 anno

1119 1897 1186 1930 haec
1203 1896 1271 1930 fieri
1288 1895 1454 1939 praecipit,
1477 1907 1518 1929 ne
1536 1895 1678 1929 haeretici
1699 1893 1906 1928 delitelcant.

1167 1941 1264 1978 Can.
1292 1941 1403 1978 XlV.
1430 1939 1664 1976 Prohibemus
1684 1941 1795 1976 etiam
1814 1963 1826 1981 ,
1855 1951 1893 1972 ne
1911 1938 2016 1975 libros
2033 1939 2139 1976 Vete-

1116 1993 1169 2027 ris
1194 1989 1409 2034 Testamenti
1424 2015 1437 2036 ,
1465 1998 1528 2025 aut
1552 1987 1676 2032 Novi,
1701 1987 1788 2023 laici
1800 1986 2053 2033 permittantur
2072 1987 2139 2026 ha-

1117 2040 1195 2076 bere
1208 2066 1220 2085 ‚
1246 2039 1308 2084 ntfi
1323 2039 1418 2084 forte
1439 2036 1658 2084 Psalterium
1673 2063 1684 2082 ,
1712 2036 1771 2072 vel
1794 2037 2026 2074 Breviarium
2039 2065 2049 2082 ,
2073 2050 2136 2086 pro

1115 2091 1270 2128 Divinis
1282 2089 1420 2135 Officiis
1430 2114 1442 2133 ,
1465 2098 1528 2125 aut
1539 2088 1644 2126 boras
1661 2088 1784 2124 Beatae
1802 2088 1934 2137 Mariaev
1947 2087 2079 2138 aliquis
2091 2101 2135 2125 ex·

1116 2139 1297 2178 devotione
1319 2139 1447 2177 babere
1470 2141 1556 2178 velit
1566 2153 1588 2179 :·
1601 2139 1671 2188 sed
1693 2153 1733 2178 ne
1745 2137 1936 2189 premiffos
1949 2139 2056 2176 libros
2070 2139 2139 2175 hat

1115 2190 1221 2228 beant
1242 2193 1276 2228 in
1295 2190 1439 2238 vulgari
1461 2190 1685 2236 translatos,
1712 2189 1893 2236 arciiffime
1917 2189 2129 2227 inhibemus.

1163 2241 1261 2279 Can.
1289 2240 1379 2280 XV.
1413 2238 1620 2279 statuimus
1643 2243 1752 2278 etiam
1773 2268 1784 2286 ,
1819 2239 1913 2289 quod
1939 2242 2128 2289 quicunque

1113 2289 1286 2334 infamati
1301 2290 1441 2337 fuerint
1468 2291 1515 2328 de
1532 2289 1649 2337 haerefi
1663 2317 1675 2336 ,
1703 2289 1761 2327 vel
1780 2288 1979 2337 suspicione
2001 2292 2127 2335 notati,

1112 2338 1216 2382 officio
1243 2340 1385 2377 Medici
1403 2339 1450 2376 de
1473 2351 1596 2378 caetero
1621 2354 1683 2377 non
1697 2350 1861 2377 utantur.
1890 2340 2048 2387 Cumque
2063 2338 2133 2375 ali-

1110 2401 1212 2436 quem
1225 2387 1398 2434 infirmum
1413 2389 1459 2426 de
1473 2404 1576 2426 manu
1593 2389 1799 2434 Presbyteri
1812 2388 1865 2436 sui
1873 2386 2015 2434 sacram
2027 2388 2131 2426 Com-

1111 2440 1300 2475 munionem
1312 2441 1494 2484 contigerit
1503 2437 1664 2485 recepiffc
1679 2463 1692 2483 ,
1713 2437 1929 2474 adhibeatur
1937 2440 1968 2474 ci
1979 2437 2133 2485 diligens

1109 2487 1264 2532 cusiodm
1274 2485 1377 2536 usquc
1389 2486 1442 2523 ad
1451 2487 1546 2524 diem
1560 2488 1672 2525 obitus
1682 2485 1741 2530 sui
1754 2486 1812 2524 vel
1821 2486 2104 2531 convalescentiae
2118 2515 2132 2534 ,

1109 2550 1149 2573 ne
1174 2538 1357 2574 baereticus
1372 2536 1431 2574 vel
1445 2536 1491 2573 de
1503 2536 1620 2583 baereli
1633 2535 1818 2584 suspeclus
1836 2537 1888 2573 ad
1902 2534 2014 2583 ipsum
2033 2535 2130 2582 infir-

1108 2601 1198 2623 mum
1207 2586 1299 2635 poffit
1314 2586 1444 2623 habere
1464 2586 1670 2633 accceffum:
1697 2585 1775 2622 cum
1786 2598 1830 2622 ex
1853 2585 1987 2632 accessu
2000 2586 2128 2624 talium

1107 2635 1268 2682 nefanda
1279 2636 1555 2674 intellexerimus
1570 2637 1771 2678 &enormia
1782 2635 1919 2684 pluries
1933 2636 2105 2683 contigiffe
2119 2663 2129 2674 .

1156 2688 1253 2724 Can.
1280 2686 1520 2724 XXXVIII.
1547 2685 1753 2722 lnbihemus
1775 2689 1914 2731 etiam,
1948 2695 1986 2722 ut
2014 2686 2128 2723 Baro-

1106 2749 1166 2773 nes
1187 2763 1199 2783 ‚
1226 2735 1425 2781 Castellani
1456 2762 1468 2779 ,
1494 2734 1624 2772 milites
1643 2761 1656 2781 ,
1681 2736 1775 2771 cives
1793 2761 1804 2780 ,
1832 2733 2014 2782 burgenses
2028 2761 2041 2780 ,
2061 2736 2128 2781 seu

1105 2790 1213 2823 etiam
1223 2786 1363 2822 rurales
1377 2812 1388 2831 ‚
1401 2787 1654 2835 conjurationes
1670 2810 1683 2830 ‚
1705 2783 1940 2831 colligationes
1954 2810 1968 2829 ‚
1983 2780 2123 2831 confra-

1103 2840 1192 2873 trias
1209 2863 1220 2882 ,
1241 2834 1305 2883 seu
1329 2835 1425 2871 alias
1451 2837 1672 2882 quascunque
1686 2833 1904 2880 obligationes
1928 2859 1941 2878 ‚
1961 2830 2040 2879 fide
2060 2833 2126 2880 seu

1095 2889 1321 2934 juramento,
1344 2884 1410 2931 seu
1438 2884 1514 2919 alia
1535 2883 1691 2932 qualibet
1707 2881 1895 2928 firmantia
1922 2881 2125 2931 interposita

1095 2936 1221 2983 facere
1237 2950 1299 2972 nou
1311 2933 1522 2983 praesumant
1549 2945 1558 2971 τ
1585 2932 1677 2982 quod
1697 2932 1729 2976 Ji
1756 2931 1930 2981 fecerint,
1957 2931 2056 2969 Baro
2082 2936 2119 2971 in

1101 2997 1239 3024 centum
1258 2984 1355 3021 libris
1381 2985 1554 3020 currentis
1577 2992 1716 3019 monetae
1734 2984 1903 3031 puniatur
1915 3006 1928 3027 ,
1943 2981 1978 3019 C
1981 2980 2124 3028 astella-

1103 3049 1168 3073 nus
1193 3039 1228 3072 in
1252 3034 1443 3081 sexaginta
1457 3059 1467 3078 ‚
1494 3031 1595 3069 miles
1618 3035 1653 3068 in
1670 3031 1935 3080 quadraginta,
1962 3034 2054 3069 civis
2065 3033 2125 3070 vel

1103 3084 1276 3133 burgensis
1290 3088 1326 3121 in
1338 3086 1466 3130 viginti
1482 3108 1492 3127 ‚
1513 3083 1552 3124 (β’
1571 3081 1710 3118 rurales
1726 3083 1761 3118 in
1775 3092 1909 3118 centum
1918 3079 2059 3128 solidis.
2075 3082 2121 3120 Si

1101 3148 1175 3184 quae
1198 3147 1278 3171 vero
1310 3135 1565 3182 conjurationes
1590 3131 1649 3168 vel
1665 3129 1900 3179 colligationes
1914 3128 2019 3179 usque
2035 3146 2122 3170 nunc

1093 3186 1205 3233 falla
1215 3183 1319 3231 sunt,
1347 3196 1409 3219 eas
1425 3182 1646 3219 decernimus
1666 3183 1793 3218 irritas
1816 3182 1856 3223 ὼ·
1876 3184 1997 3218 inanes
2013 3191 2026 3226 3
2048 3179 2122 3227 sta·

1096 3245 1233 3274 tuentes
1248 3260 1260 3280 ‚
1286 3243 1323 3269 ut
1337 3245 1453 3269 omnes
1480 3231 1644 3278 abjurare
1657 3241 1842 3268 teneantur
1854 3228 1997 3277 casdem
2008 3255 2022 3268 .

1145 3285 1242 3323 Can.
1269 3281 1464 3320 XXXIX.
1494 3281 1585 3318 Item
1609 3280 1724 3317 nullus
1751 3278 1900 3324 castrum
1915 3280 1972 3316 vel
1988 3279 2117 3318 villam

1089 3335 1233 3383 furetur
1248 3359 1260 3378 ‚
1287 3332 1333 3368 de
1356 3333 1413 3368 his
1434 3344 1508 3380 quae
1530 3331 1576 3367 ab
1603 3328 1762 3374 Ecclesia
1785 3340 1944 3368 tenentur
1966 3356 1979 3376 ,
2005 3330 2064 3367 vel
2089 3332 2117 3369 ὰ

1099 3386 1196 3431 Rege
1221 3397 1236 3423 .·
1260 3381 1353 3430 quod
1366 3380 1397 3426 fi
1409 3381 1538 3428 fecerit
1564 3405 1577 3424 ,
1603 3382 1643 3423 (ς’
1670 3379 1757 3417 bona
1781 3379 1890 3428 ipsius
1912 3383 2027 3417 omnia
2050 3390 2117 3428 pu.

1097 3434 1264 3471 blicentur
1279 3458 1293 3477 ‚
1318 3433 1358 3474 (5
1377 3432 1693 3467 excommunicatus
1718 3440 1884 3478 perpetuo
1910 3428 2085 3466 habeatur
2100 3457 2114 3476 ‚

1095 3497 1154 3522 nec
1182 3486 1208 3520 ὰ
1224 3481 1401 3529 sententia
1413 3479 1508 3528 possit
1528 3477 1665 3527 absolvi
1677 3478 1738 3524 nisi
1749 3490 1813 3526 per
1828 3480 2020 3517 Dominum
2038 3482 2114 3517 Pa-

1089 3546 1174 3583 pam
1192 3560 1203 3577 ,
1228 3542 1290 3568 aut
1315 3531 1492 3577 Legatum
1515 3530 1559 3566 dc
1586 3528 1689 3576 ipsius
1721 3529 1834 3565 latere
1869 3527 2079 3573 destinatum
2103 3554 2112 3563 .

1094 3585 1272 3622 Minatur
1292 3583 1400 3619 etiam
1424 3579 1519 3616 ultra
1545 3580 1672 3622 mare’,
1701 3578 1754 3614 ad
1776 3590 1910 3616 terram
1931 3580 2109 3627 propriam

1092 3633 1294 3671 nullatenus
1317 3628 1539 3677 reversurus.
1616 3678 1619 3680 .

1615 3675 1680 3711 Kk
1907 3674 1990 3708 Can.
2001 3672 2072 3724 XL.

1724 3687 1742 3709 2
