2430 3958
1324 167 1341 180 ν’

18 279 22 390 i
51 369 63 374 „
85 195 2171 380 -ffiffiwaeafflfflmaaeemaaffiffiffi

26 415 496 534 gECCLE

312 698 376 747 la,
403 697 569 742 succeffit
597 703 639 741 in
665 702 833 741 Franciae
860 711 1016 749 regnum
1041 699 1118 739 Lu-

303 751 461 795 dovieus
479 748 812 795 Aurelianenfium
839 751 973 796 Dux,
988 749 1119 791 Ludo.

99 807 174 847 vici
183 806 286 849 illins
297 816 440 852 nepos,
469 816 584 855 quem
610 804 781 859 Joannes
790 801 1013 854 Burgundiae
1021 801 1117 844 Dux

91 856 244 899 Parisiis
269 861 543 904 interemerat,
570 854 669 896 filius
693 855 786 898 vero
798 853 972 896 Carolus
1000 855 1119 896 Aure-

90 908 269 952 lianensis
294 933 310 957 3
338 911 406 959 qui
433 911 474 949 in
501 908 712 950 Azincurte
722 904 776 947 n'fi
818 908 1031 947 certamine
1057 921 1120 947 ca-

67 974 206 1013 -4ptus,
231 962 507 1012 annosviginti
537 968 709 1011 quatuor
722 957 773 999 ab
802 955 966 1008 Angelis
991 961 1032 999 in
1053 972 1117 1000 cu-

34 1036 36 1038 ·
89 1013 407 1056 stodiadctentus
426 1010 574 1054 suerat.
600 1011 723 1054 Simul
749 1025 795 1051 ac
807 1011 1025 1053 Ludovicus
1036 1013 1113 1059 ejus

33 1096 42 1108 .
91 1068 265 1108 nominis
287 1066 371 1107 XII.
396 1079 555 1117 regnum
579 1060 734 1105 exorsus
753 1063 835 1110 cst,
862 1059 898 1103 se
920 1060 1114 1115 utriusque

89 1117 235 1160 Siciliae
261 1131 383 1171 atque
403 1113 742 1211 ¹])·⁴.·rosolymortim
769 1114 935 1165 Regem,
963 1116 1119 1156 Medio-

27 1171 30 1174 ’
91 1169 376 1221 lanensemque
447 1181 554 1210 ucem
588 1168 775 1218 appellari
802 1165 928 1207 voluit
949 1195 959 1207 .
987 1169 1038 1208 Et
1063 1165 1118 1208 su.

28 1221 36 1227 ”
93 1222 215 1264 binde
252 1220 361 1263 facto
397 1222 568 1262 divortio
611 1233 700 1261 cum
735 1222 890 1267 Joanna
925 1219 1116 1262 Ludovici

93 1276 164 1320 XI.
193 1275 364 1315 Franciae
403 1272 516 1321 Regis
540 1269 623 1311 filia
659 1269 682 1311 a
708 1267 747 1311 se
773 1271 925 1312 intacsta
953 1297 966 1317 ,
999 1284 1118 1324 quam

89 1327 217 1367 invito
237 1320 382 1372 ipfisssed
406 1335 482 1372 prae
509 1320 838 1364 metuconsentire
863 1321 1033 1375 fingente
1058 1337 1122 1373 pa-

70 1389 153 1418 .ter
172 1375 382 1419 induxerat
396 1399 417 1423 2
439 1372 602 1416 Annam
628 1377 892 1417 Britannicam
901 1376 1012 1428 Regis
1037 1379 1115 1419 Ca-

91 1426 170 1472 roli
196 1429 301 1470 VIII.
329 1427 486 1469 viduam
496 1426 739 1477 approbante
766 1426 995 1470 Alexandro
1021 1428 1114 1471 V11.

31 686 35 694 ,
99 653 136 685 ῐ·
166 645 444 803 ΕΧείηᾶο
471 643 627 690 Carolo
654 648 758 691 VIII.
768 643 912 698 absque
942 642 1118 695 proleul-

0 1503 2 1511 ν
89 1478 239 1522 summo
268 1477 460 1521 Pontifice
488 1477 640 1528 sumpfit
667 1493 828 1520 uxorem
855 1495 964 1531 anno
991 1480 1111 1524 mille.

31 1534 45 1578 “;
87 1531 183 1575 simo
217 1529 600 1583 quadringentesimo
639 1531 889 1582 nonagesimo
928 1534 1072 1575 octavo
1099 1561 1110 1574 .

0 1588 2 1595 ’
88 1585 236 1627 Νονιις
269 1597 363 1636 ergo
390 1584 474 1625 Rex
509 1586 591 1632 jura
625 1580 692 1624 sua
730 1598 904 1634 repetens
938 1585 987 1626 ab
1023 1589 1111 1627 avia

89 1634 158 1679 sua
186 1635 406 1680 Valentina
432 1638 595 1686 Joannis
633 1635 810 1678 Galeacii
838 1638 1107 1680 Mediolanen-

85 1685 181 1730 fium
208 1690 333 1731 Ducis
358 1686 466 1738 filia,
488 1686 579 1730 cum
605 1700 738 1730 tamen
758 1689 980 1731 Franciscus
1007 1688 1110 1732 Sfor-

85 1743 171 1789 cia‚
199 1742 268 1793 qui
295 1741 438 1789 primus
464 1743 590 1792 gentis
616 1738 688 1781 suae
717 1740 1000 1789 Mediolanensi
1027 1744 1108 1784 Du-

88 1806 183 1835 catu
210 1795 360 1842 potitus
387 1791 792 1838 est,illamretinuiffet
811 1794 1003 1837 ditionem
1031 1798 1109 1842 jure

82 1842 286 1889 affinitatis
312 1869 330 1893 ς,
373 1846 413 1887 &
440 1845 668 1894 adoptionis
706 1845 767 1896 sug:
795 1844 817 1887 ὲ
854 1843 990 1887 socero
1026 1846 1111 1888 Phi-

82 1897 193 1946 lippo
220 1897 363 1938 ultimo
391 1896 741 1939 Mediolanenfium
767 1899 922 1938 Ducum
949 1911 998 1939 cx
1026 1912 1110 1947 pro.

84 1953 198 2001 genie
224 1952 535 1996 Vicecomitum,
563 1952 632 2001 qni
658 1948 973 1992 Blancamfiliam
1002 1949 1108 1992 suam

85 2000 292 2052 illegitime
328 2015 464 2042 natam
504 1998 710 2040 Francisco
749 1999 908 2042 Sforciae
953 2002 1111 2043 dederat

83 2066 253 2094 uxorem
278 2077 296 2100 9
344 2065 510 2102 eumque
548 2049 616 2091 fibi
652 2049 775 2094 filium
815 2053 1070 2112 adpptaverat
1097 2079 1113 2102 3

79 2118 134 2147 ex
159 2117 242 2155 quo
269 2116 377 2147 ortus
404 2103 629 2147 Ludovicus
665 2100 815 2145 Sforcia
842 2117 1114 2155 cognomento

81 2158 246 2199 Maurus
272 2157 475 2199 Ducatum
501 2152 835 2197 Mediolanensem
863 2155 1072 2204 possidebat
1101 2187 1111 2199 .

84 2211 192 2251 Huic
219 2211 382 2258 inquam
409 2208 492 2247 Rex
518 2207 742 2248 Ludovicus
767 2207 916 2249 bellum
947 2210 1107 2259 indixit,

84 2259 328 2310 Alpibusque
366 2257 585 2298 transmissis
621 2257 899 2300 Alexandriam
927 2264 965 2301 vi
1003 2260 1109 2303 sube-

83 2314 170 2362 git,
196 2308 371 2363 aliasque
398 2309 510 2350 urbes
537 2311 581 2353 ὅτ.
605 2310 750 2358 oppida
781 2314 923 2359 partim
949 2316 1063 2352 armis
1091 2338 1108 2361 ς,

82 2365 228 2412 partim
255 2363 457 2404 deditione
483 2360 698 2415 subjugavit
719 2390 729 2401 .
757 2361 908 2404 Sforcia
938 2361 1000 2412 spe
1027 2379 1110 2406 om-

80 2418 133 2455 ni
160 2415 344 2456 excidens
370 2414 420 2456 ad
448 2415 762 2457 Maximilianum
789 2413 980 2457 Caesarem
1008 2414 1111 2466 suge-

85 2482 132 2509 re
159 2467 320 2509 coaetus
346 2480 486 2507 caetera
523 2467 733 2509 victoribus
759 2479 884 2515 prona
914 2468 1071 2519 reliquit
1098 2497 1109 2509 .

82 2521 147 2562 Sic
173 2518 280 2560 brevi
307 2518 581 2560 Mediolanum
609 2522 648 2559 in
678 2521 916 2559 Francorum
944 2521 1110 2570 potesta-

82 2585 160 2612 tem
187 2585 276 2612 cum
303 2585 388 2613 arce
415 2570 613 2613 redastum
641 2570 713 2611 est.
739 2570 864 2611 Subiit
891 2586 980 2612 cum
1006 2571 1110 2613 Insu-

0 2661 12 2675 ,,
37 2619 50 2667 ,ζ
83 2623 168 2663 bria
195 2637 288 2666 tota
314 2624 553 2664 Francorum
583 2625 788 2671 Imperium
816 2623 1099 2671 opulentissima

82 2674 561 2723 civitatisItaliaeGcnua,
587 2674 638 2715 ab
650 2675 792 2716 aemulis
809 2677 908 2716 inter
935 2675 1101 2717 sedivcr-

81 2725 287 2778 farumque
297 2729 463 2776 partium
490 2730 580 2769 viris
590 2725 760 2769 Adornis
778 2729 818 2767 &
834 2727 1014 2777 Fregofiis
1024 2743 1103 2770 cer-

61 2782 195 2831 ¹ratim
223 2781 318 2830 Regi
345 2779 508 2821 tradita.
535 2778 732 2823 Caeterum
758 2779 843 2829 post
870 2783 1053 2830 quintum
1070 2797 1108 2822 e-

81 2832 166 2872 xilii
193 2830 360 2873 mensem
394 2829 544 2872 reverso
572 2834 613 2872 in
654 2830 828 2873 Galliam
854 2831 955 2881 Rege
972 2857 987 2879 .··
1015 2831 1109 2873 diffi-

82 2883 264 2925 dentibus
275 2888 376 2925 inter
386 2881 422 2924 se
448 2883 667 2925 constitutis
676 2883 900 2935 proregibus
910 2883 1109 2936 Aubignio

85 2938 128 2976 &
154 2938 351 2986 Trivultio
387 2936 438 2976 ab
466 2934 686 2978 Insubribus
727 2936 879 2978 Sforcia
906 2950 1109 2983 revocatur

83 2986 267 3040 profugus
289 3006 301 3028 ε
327 2991 396 3040 qui
423 3003 510 3029 cum
537 2986 656 3028 fratre
679 2987 860 3030 Ascanio
903 2989 1108 3031 Cardinali

85 3053 136 3080 ex
164 3041 372 3083 Germania
398 3036 579 3092 regressus
607 3065 622 3087 ,
663 3039 825 3089 primum
855 3040 1027 3082 Comum
1053 3042 1104 3083 ad

84 3092 247 3135 Larium
270 3093 418 3134 Lacum
446 3091 556 3133 fitam
584 3091 716 3133 urbem
743 3092 848 3133 ultro
877 3092 1103 3134 dedentibus

83 3142 122 3184 se
148 3142 295 3184 civibus
323 3158 510 3195 occupat.
541 3145 646 3186 Dein
676 3144 950 3186 Mediolanum
976 3145 1105 3188 celeri-

68 3241 73 3244 Δ
83 3209 146 3237 ter
155 3194 346 3237 advolans
357 3196 451 3239 urbe
464 3194 607 3238 summa
616 3198 881 3248 gratulatione
888 3199 1079 3245 excipitur
1088 3224 1105 3247 2

63 3248 290 3299 *gTrivultio
311 3247 485 3289 adversus
506 3251 723 3291 Novariam
743 3250 944 3291 recedente
963 3278 973 3288 .
1009 3254 1103 3290 Uno

0 3342 1 3345 ,
59 3323 62 3327 ·
84 3299 621 3352 impetuTicinumurbesque
632 3315 775 3342 caererae
803 3299 1070 3350 transpadanae
1084 3328 1101 3351 ‚

85 3366 220 3402 praeter
236 3365 369 3392 arcem
379 3351 756 3394 Mediolanensem&
768 3356 984 3396 Novariam
995 3355 1102 3395 redu-

71 3444 74 3447 „
86 3417 171 3444 cem
181 3401 370 3445 Sforciam
383 3403 595 3446 admittunt
611 3434 620 3444 .
646 3406 728 3445 Rex
740 3406 831 3446 vero
842 3406 862 3446 ὲ
873 3405 1004 3447 Gallia
1031 3422 1100 3448 no-

86 3470 178 3496 vum
204 3458 405 3503 copiarum
423 3455 614 3503 delecstum
642 3460 681 3498 in
692 3456 893 3499 subsidium
904 3459 1101 3501 mittitdu-

0 3540 4 3549 .
85 3521 129 3549 ce
141 3507 344 3549 Ludovico
354 3506 562 3548 Trimollio
590 3509 746 3551 militari
758 3510 871 3550 laude
890 3511 1102 3558 percelebri

70 3560 272 3613 ‘adjuncto
307 3559 518 3602 cardinale
551 3561 726 3615 Georgio
762 3560 952 3604 Ambofio
976 3587 991 3610 2
1021 3568 1102 3616 gqui

508 418 715 499 81AE
799 416 1239 533 DECiMi
1319 419 1641 501 SEXTI
1722 420 2167 536 sAEctJLt

534 539 1136 608 HISTORICA
1200 538 1730 604 SYNOPSIS.
1828 545 1831 550 ·
2001 572 2006 580 z

1157 646 1410 694 prudentibus
1434 645 1603 689 confiliis
1631 649 1829 699 publicam
1861 660 1942 689 rem
1968 658 2170 697 promove-

1160 711 1218 739 ret
1233 727 1243 737 ·
1270 698 1491 742 Aciesinter
1517 714 1722 753 utramque
1747 713 1898 752 partem
1909 700 2013 748 apud
2039 703 2163 742 Nova

1161 752 1257 792 riam
1267 750 1500 801 conseritur,
1529 754 1651 795 vietus
1677 767 1841 805 uterque
1856 749 2007 795 Sforcia
2032 754 2168 792 Nova-

1162 804 1256 843 riam
1284 801 1488 853 serecipit,
1514 806 1556 844 in
1584 818 1755 856 quaerat
1783 806 2055 847 Helvetiorum
2082 815 2174 860 praej

1160 852 1321 905 fidium,
1348 854 1410 898 sed
1436 855 1641 907 prqfidiarii
1665 858 1716 898 ab
1742 872 1792 899 eo
1818 854 2067 903 deficientes,
2092 855 2174 907 loci

1160 906 1358 949 deditione
1366 907 1494 957 sadra,
1521 921 1610 950 cum
1618 923 1667 950 ex
1682 912 1949 951 conventione
1957 922 2046 948 cum
2055 909 2173 952 Fran·
2186 914 2196 925 ⁴

1158 961 1213 1000 cis
1227 961 1340 1008 pacta
1354 961 1445 1002 loco
1455 964 1606 1003 exirent
1617 964 1659 1002 in
1670 965 1784 1003 armis
1803 964 1842 1002 δε
1851 961 1988 1001 ordine
2001 958 2173 1000 militari·

1158 1012 1459 1063 Francigemino
1473 1012 1665 1055 hincinde
1677 1015 1814 1056 ordine
1824 1011 2030 1054 insidentes
2040 1038 2054 1056 2
2080 1009 2176 1066 Hel.

1157 1062 1357 1115 vetiosque
1367 1063 1613 1107 observantes
1623 1091 1639 1114 ³
1668 1067 1858 1109 Sforciam
1867 1078 1956 1106 cum
1973 1064 2092 1118 tribus
2100 1059 2175 1102 fta-

1157 1114 1278 1157 tribus
1289 1115 1542 1158 Sanseverinis
1559 1121 1599 1158 in
1616 1118 1753 1160 habitu
1765 1117 1928 1170 gregalis
1943 1114 2074 1157 militis
2084 1113 2177 1155 Hel.

1157 1170 1267 1208 vctiis
1277 1169 1481 1209 immistum
1490 1169 1781 1219 deprehendunt
1789 1195 1806 1218 9
1824 1165 2101 1219 captivumque
2112 1164 2179 1206 ab.

1158 1217 1307 1262 ducunt
1329 1249 1339 1261 .
1366 1219 1552 1262 Ascanius
1579 1236 1740 1272 accepta
1766 1220 1894 1265 fratris
1919 1220 2054 1267 clade,
2082 1219 2174 1259 dum

1159 1271 1371 1324 perfugium
1398 1276 1533 1324 quaerit
1549 1298 1565 1321 ι,
1592 1278 1632 1314 in
1653 1289 1792 1315 manus
1820 1285 1982 1325 quoque
2009 1274 2176 1312 Franco.

1162 1339 1247 1368 rum
1274 1324 1431 1366 incidit.
1457 1324 1835 1370 LudovicusSforcia
1849 1324 2010 1367 Lochiis
2021 1335 2176 1364 carcere

1159 1377 1538 1420 detentusdecennio
1549 1375 1647 1425 fuit,
1674 1377 1806 1429 ibique
1817 1381 1946 1418 vivere
1973 1372 2099 1434 defiit3
2128 1375 2181 1412 A.

1156 1430 1306 1473 scanius
1330 1429 1423 1470 vero
1451 1430 1675 1472 Cardinalis
1689 1433 1729 1470 in
1757 1425 1977 1471 Bituricenfi
2004 1439 2100 1467 turri
2117 1439 2177 1466 ca.

1154 1486 1378 1533 privitatem
1405 1479 1605 1531 sustinuit,
1631 1482 1735 1524 unde
1760 1480 1924 1522 biennio
1940 1477 2024 1527 post
2051 1480 2177 1529 gratia

1155 1534 1375 1579 cardinalis
1409 1532 1586 1574 Ambofii
1606 1536 1647 1574 in
1674 1533 1894 1574 libertatem
1913 1531 1966 1572 est
1992 1530 2175 1570 eductus.

1153 1589 1250 1629 Duo
1278 1599 1408 1628 autem
1443 1586 1634 1628 Ludovici
1662 1584 1818 1628 Sforciae
1855 1583 1967 1623 liberi
1994 1584 2176 1623 Maximi-

1153 1639 1280 1681 lianus
1307 1641 1356 1685 &.
1382 1636 1606 1679 Franciscus
1634 1640 1705 1680 tuti
1723 1640 1765 1677 in
1802 1636 2014 1677 Germania
2043 1631 2174 1692 conse.

1152 1692 1315 1734 derunt.
1341 1690 1521 1733 Secunda
1549 1689 1629 1731 haec
1657 1689 1824 1731 vidimria
1841 1687 2001 1728 Francis
2029 1685 2174 1736 obtigit

1152 1748 1277 1793 primo
1307 1743 1416 1792 hujus
1447 1742 1585 1784 Saeculi
1614 1757 1748 1784 anno.
2192 1744 2194 1747 '

1213 1813 1248 1839 2.
1275 1796 1463 1847 Sequenti
1489 1794 1608 1844 porro
1637 1793 1780 1836 scilicet
1811 1806 1915 1844 1501.
1951 1791 2175 1834 Ludovicus

1152 1851 1336 1899 Francitg,
1363 1849 1403 1889 &
1429 1846 1694 1888 Ferdinandus
1720 1844 1902 1897 Hispanieg
1920 1846 2040 1896 Reges
2069 1841 2175 1895 fedus

1153 1915 1338 1943 mutuum
1365 1901 1534 1941 inierunt
1561 1898 1796 1940 deturbandi
1823 1913 1870 1939 ex
1899 1896 2174 1945 Neapolitano

1152 1967 1272 2004 regno
1294 1952 1496 1999 Friderici,
1525 1950 1699 2004 illudque
1718 1949 1865 1993 interse
1885 1949 2102 1999 dividendi,
2131 1961 2175 1991 ut

1155 2004 1350 2054 Hispanus
1390 2002 1576 2052 Apuliam
1599 2029 1615 2053 9
1642 2007 1683 2046 &
1718 2003 1974 2050 Calabriams
2004 2006 2174 2046 Francus

1158 2060 1251 2098 vero
1281 2056 1498 2106 Neapolim·
1521 2057 1770 2107 cumreliqua
1797 2060 1903 2109 regni
1931 2069 2041 2106 parte
2068 2054 2176 2097 sorti-

1157 2123 1284 2151 retur.
1313 2111 1484 2154 Francus
1510 2113 1564 2159 jus
1591 2109 1831 2152 obtendebat
1859 2109 2076 2160 investiturcg
2097 2110 2176 2149 Ca·-

1154 2162 1245 2203 rolo
1263 2161 1533 2212 Andegavenfi
1560 2159 1682 2203 sancii
1701 2162 1891 2204 Ludovici
1919 2160 2057 2209 fratri,
2084 2158 2174 2208 ejus.

1154 2228 1230 2266 que
1242 2214 1442 2265 heredibus
1453 2215 1503 2255 ab
1517 2214 1681 2256 Urbano
1690 2212 1950 2257 IV-conceffae
1960 2239 1976 2262 2,
2004 2215 2042 2253 &
2053 2212 2075 2254 ὲ
2084 2211 2175 2255 Cle.

1151 2280 1284 2307 mente
1295 2269 1364 2308 IV.
1374 2269 1413 2307 δε
1424 2269 1618 2318 Gregorio
1628 2270 1680 2309 X.
1706 2264 1867 2318 aliisque
1877 2267 2064 2308 Romanis
2075 2266 2177 2305 Pon.

1151 2316 1317 2358 tificibus
1334 2317 1590 2369 confirmate,
1618 2317 1774 2359 exclusa
1794 2319 1847 2358 ob
1870 2316 2174 2366 perduellionem

1152 2382 1239 2418 erga
1260 2370 1478 2409 Romanam
1501 2369 1658 2416 sedem,
1686 2369 1897 2410 &infamia
1918 2383 2007 2409 cum
2023 2369 2175 2410 Sarace.

1150 2419 1574 2472 nisimpiaquefedera,
1604 2421 1784 2461 Friderici
1797 2417 2172 2470 secundiImperato-

1154 2475 1203 2515 ris
1230 2472 1361 2520 prole.
1390 2475 1442 2512 At
1465 2470 1659 2520 Hispanus
1677 2473 1788 2513 nullo
1806 2476 1885 2521 jure
1914 2471 2032 2514 fretus
2053 2485 2172 2524 quam

1137 2532 1139 2534 '
1152 2527 1273 2574 prorii
1282 2524 1553 2571 emolumenti,
1568 2524 1753 2573 adjuncto
1763 2538 1947 2574 praetextu
1960 2524 2053 2565 belli
2069 2538 2172 2565 com.

1152 2576 1333 2617 munibus
1353 2575 1550 2628 utriusque
1571 2577 1684 2626 Regis
1706 2577 1849 2618 viribus
1865 2574 2064 2618 adversum
2075 2576 2176 2617 Tur-

1150 2644 1214 2670 cas
1231 2627 1481 2677 suscipiendi,
1510 2643 1668 2669 necnon
1684 2629 1976 2678 approbationis
2003 2627 2177 2669 Alexan-

1144 2681 1324 2734 driPapae
1344 2681 1410 2723 VI.
1438 2683 1504 2731 qui
1516 2678 1581 2720 sub
1591 2678 1711 2729 specie
1738 2683 1896 2732 Turcice
1911 2680 2170 2729 expeditionis

1146 2736 1188 2773 in
1216 2733 1391 2774 eamdem
1419 2732 1791 2783 regniNeapolitani
1819 2736 2172 2784 partitionemcon.

1150 2783 1334 2826 senserat.
1364 2785 1438 2826 Sed
1465 2783 1641 2833 sperabat
1652 2785 1912 2827 Fetdinandus
1939 2785 2033 2830 (nec
2047 2781 2168 2831 ipsum

1151 2835 1232 2887 spes
1258 2834 1417 2883 fefellit)
1446 2833 1800 2884 succeffutemporis
1827 2836 1994 2876 Francos
2022 2833 2091 2875 ase
2103 2850 2170 2886 per

1153 2887 1351 2938 Hispanas,
1372 2902 1473 2929 artes
1501 2890 1787 2929 &Francorum
1814 2885 2037 2930 consueram
2064 2890 2172 2930 incun'

1153 2944 1248 2989 riam
1270 2940 1575 2989 brevidejecimm
1602 2942 1668 2979 iri.
1696 2939 1909 2980 Pridericus
1928 2939 2022 2980 vero
2038 2942 2093 2988 jus
2106 2938 2168 2993 sug

1152 2991 1384 3043 poffeffionis
1410 2993 1461 3032 ab
1496 2988 1664 3033 Alfonso
1692 2989 1944 3042 Arragonum
1971 2991 2074 3043 Rege
2105 3008 2171 3034 εο-

1151 3048 1338 3097 gnomine
1365 3045 1515 3095 Magno
1544 3043 1743 3092 repetebat
1762 3068 1778 3091 2
1807 3046 1876 3094 qui
1905 3043 2017 3084 nulla
2045 3044 2168 3096 legiti,

1146 3112 1211 3137 ma
1252 3097 1388 3136 relicta
1416 3096 1556 3146 prole„
1585 3095 1895 3145 Neapolitanum
1930 3109 2089 3147 regnum
2115 3098 2165 3139 ad

1147 3147 1314 3198 spurium
1343 3146 1465 3188 filium
1491 3147 1776 3189 Ferdinandum
1803 3145 2089 3196 transmiserat,
2116 3162 2165 3191 ex

1147 3214 1231 3251 quo
1258 3213 1374 3240 natus
1402 3200 1613 3241 Fridericus
1638 3200 1732 3241 fuit.
1761 3202 1850 3240 Pius
1878 3201 1970 3241 vero
2001 3203 2106 3249 Papa
2118 3200 2169 3242 se.

1145 3252 1296 3293 cundus
1323 3252 1399 3294 hoc
1424 3253 1547 3293 cidem
1568 3266 1726 3304 regnum
1752 3250 2076 3300 confirmaverat,
2104 3269 2168 3295 ex.

1143 3302 1247 3346 cluso
1273 3304 1429 3345 chato
1449 3303 1740 3355 Andegavenfi‚
1767 3303 1921 3355 ejusque
1948 3302 2031 3345 filio
2073 3320 2167 3347 oan-

1144 3372 1215 3398 ne.
1240 3355 1322 3404 Ipse
1348 3357 1441 3396 vero
1469 3357 1679 3398 Fridericus
1707 3369 1839 3398 ortum
1867 3357 2052 3398 ducensa
2108 3356 2165 3399 A}

1143 3406 1256 3449 fonso
1268 3406 1533 3450 successionem
1543 3409 1899 3460 avitiregninadtus
1923 3422 2024 3459 erat.
2051 3411 2163 3464 Qin

1145 3464 1261 3502 ctiam
1295 3460 1560 3502 Ferdinandus
1596 3459 1671 3510 ipse
1693 3458 1981 3512 'Hispaniarum
2014 3461 2096 3503 Rex
2124 3461 2161 3502 se

1146 3516 1365 3561 proximum
1405 3512 1468 3560 ipii
1498 3511 1667 3559 Alfonso
1699 3513 1912 3564 legitimum
1944 3528 1989 3555 ue
2024 3512 2164 3555 succes-

1148 3563 1272 3609 sorem
1298 3562 1506 3614 assercbat,
1533 3569 1594 3607 cui
1621 3563 1834 3658 culrznnesas-
1853 3563 1906 3607 fui
1936 3580 1976 3608 ct
2003 3579 2162 3658 {legfnum

1703 3632 1720 3659 r
1775 3633 1796 3659 2
2030 3631 2118 3659 eet.
