2430 3958
553 358 622 406 Q

635 390 679 438 [ἦ
711 370 742 418 ἐι
765 384 1026 436 ³⁶*me

30 378 34 389 ‘
53 359 599 483 Qwfflwsswffisssst

1044 276 2178 454 Weeieaerawffa

54 497 803 583 ECCLESIAE
931 491 1442 574 TERTII

1577 495 2167 576 SAECULI.

505 624 1120 692 HJsToRJJCA
1184 604 1727 682 sYNoPsis-

166 791 392 833 co-Aurelio
417 789 540 830 fuerat
565 786 750 826 atrociter
775 783 980 829 divexata9
1007 794 1072 830 pa-

167 859 211 885 ce
226 844 383 884 tandem
404 837 608 891 tranquilla
636 837 753 886 potiri
769 836 890 884 coepit
909 831 977 874 sub
1004 837 1080 882 ejus

52 897 140 940 filio
167 898 207 936 δέ
232 890 438 935 successore
465 889 686 933 Commodo
703 905 719 934 ,-
744 899 860 939 quem
886 910 901 934 9
929 884 1078 926 tametsi

54 944 348 992 scelestiffimum
373 957 493 995 atque
517 939 802 988 impuriffimum
829 940 1044 988 Principem
1063 963 1078 984 9

50 1001 164 1046 Deus
197 994 385 1038 suscitasse
417 997 513 1036 visus
546 992 600 1032 est
636 992 946 1036 Christianorum
984 989 1083 1030 ulto-

43 1065 160 1096 rem·
189 1052 415 1091 Innumeros
440 1048 543 1086 enim
569 1047 778 1086 Senatores
797 1046 837 1082 &
865 1044 1084 1092 Provincia—

51 1119 139 1147 rum
166 1099 383 1147 Praefestos9
410 1101 475 1149 qui
502 1110 610 1146 patre
638 1100 791 1138 vivente
820 1098 926 1134 omni
955 1094 1085 1135 crude-

53 1158 170 1199 litate
205 1149 377 1193 adversus
415 1147 657 1192 Christianos
701 1144 853 1200 grassan
889 1144 1039 1187 fuerant
1066 1170 1082 1194 9

53 1205 132 1258 ipse
155 1204 279 1245 exiliis
305 1227 321 1250 9
349 1203 542 1242 bonorum
570 1199 803 1249 spoliatione
828 1224 844 1246 9
871 1201 913 1239 δε
939 1198 1082 1239 ultimis

0 1206 6 1334 l
51 1257 273 1308 suppliciis9'
306 1254 479 1304 quandiu
518 1255 693 1303 regnavit
720 1276 736 1300 9
784 1249 992 1292 insed'tatus
1028 1249 1080 1290 est

57 1305 288 1352 atrociffime
305 1334 315 1344 .
355 1304 582 1346 Commodo
608 1317 816 1355 regnante9
846 1304 984 1344 Lucius
1002 1307 1079 1350 ejus

51 1364 174 1412 partis
202 1359 408 1400 Britanniae
445 1355 565 1407 insule
593 1357 676 1397 Rex
702 1382 718 1403 9
756 1369 874 1406 quam
904 1355 1079 1396 nondum

49 1413 218 1455 Romani
254 1408 485 1459 subegerant
511 1434 525 1456 9
565 1407 675 1449 millis
703 1409 856 1459 Legatis
893 1407 943 1447 ad
972 1406 1082 1447 Eleu·

46 1465 220 1507 therium
247 1462 466 1502 Romanum
510 1459 739 1510 Episcopum
767 1484 783 1507 9
817 1458 1080 1501 Christianam

48 1517 277 1568 religionem
312 1515 497 1561 expetivit
523 1538 540 1560 9
577 1516 616 1553 &
653 1510 780 1559 sacros
807 1511 858 1551 ab
897 1525 946 1551 eo
973 1514 1082 1551 mini-

0 1587 1 1590 *
43 1566 147 1610 stros
173 1569 417 1616 impetravit9
444 1567 511 1616 qui
540 1562 576 1604 se
603 1563 787 1615 suumque
815 1563 1000 1612 populum
1027 1563 1078 1602 di·-

47 1623 142 1662 m'na.
167 1616 242 1660 fide
269 1618 511 1658 imbuerunt:
537 1630 579 1657 ut
609 1616 777 1657 referunt
805 1615 900 1656 liber
926 1615 974 1655 de
1002 1613 1078 1654 Ro-

0 1675 2 1695 *
47 1674 174 1714 manis
202 1667 456 1712 Pontificibus
484 1672 523 1708 in
553 1667 803 1714 Eleutherio9
833 1671 872 1707 &
900 1667 1002 1707 Beda
1030 1665 1078 1706 de

39 1723 162 1778 {gestis
191 1721 410 1773 Anglorum
436 1720 503 1761 lib.
520 1735 552 1760 1.
570 1733 653 1768 cap.
666 1733 705 1769 4.
733 1719 824 1759 Ado
852 1731 1013 1773 quoque
1039 1720 1079 1757 in

38 1775 257 1816 Chronico
284 1798 300 1821 9
337 1785 458 1823 atque
480 1771 572 1817 ,hoc
608 1772 745 1812 eodem
781 1773 912 1811 vivens
945 1769 1079 1811 iaeculo

42 1825 318 1868 Tertullianus
337 1848 353 1871 9
381 1822 554 1864 adversus
582 1822 731 1876 Judaeos
757 1836 842 1871 cap.
863 1834 900 1872 7.
921 1824 977 1862 ita
997 1819 1081 1861 scri-

43 1879 105 1919 bit
135 1897 146 1917 .·
179 1883 425 1918 Brttannorum
460 1874 621 1929 inacceffa
655 1876 814 1914 Romanis
848 1874 919 1914 loca
954 1871 1081 1921 Christo

38 1930 120 1983 sunt
139 1927 274 1980 subdita
291 1956 300 1965 .
328 1927 408 1967 Sub
436 1927 666 1966 Commodo
697 1929 872 1974 Principe
900 1925 1081 1966 Theodo-

42 1986 131 2024 tion
157 2003 173 2026 9
215 1981 283 2029 qui
309 1992 358 2018 ex
386 1977 653 2018 haereticorum
680 1978 830 2017 lacunis
857 1978 907 2017 ad
933 1978 1082 2027 Judaeo-

50 2031 138 2075 runi
163 2030 320 2071 cloacas
347 2026 635 2080 transmigrarat
661 2053 678 2076 9
705 2031 858 2069 tertiam
885 2028 1003 2069 edidit
1028 2032 1087 2070 Bi-

46 2084 219 2128 bliorum
239 2083 410 2123 Graecam
437 2081 668 2128 editionem,
695 2080 779 2130 post
800 2081 885 2121 illas
911 2094 1009 2133 quas
1038 2080 1087 2122 se-

53 2138 264 2187 ptuaginta
299 2135 527 2181 Interpretes
563 2137 727 2182 primum
762 2131 829 2174 sub
872 2133 1085 2175 Ptolomaeo

49 2185 311 2234 Philadelpho
340 2212 354 2230 ‚
389 2186 559 2236 AEgypti
585 2185 689 2237 Rege
716 2211 732 2234 9
768 2186 907 2227 deinde
935 2184 1084 2237 Aquila

46 2241 239 2284 Ponticus
264 2235 330 2278 sub
364 2237 569 2278 Hadriano
604 2240 840 2287 Imperatore
874 2241 1086 2279 concinna-

46 2303 140 2336 rant
157 2319 168 2330 .
193 2291 386 2340 Qartam
413 2289 505 2329 vero
533 2289 776 2337 postmodum
803 2288 870 2330 sub
897 2292 1086 2338 Septimio

7 2361 11 2386 J
50 2346 198 2386 Severo
224 2340 476 2393 Symmachus
499 2341 618 2382 edidit
637 2371 646 2382 .

105 2410 140 2436 2.
171 2392 312 2438 Occiso
348 2392 370 2433 a
405 2392 477 2435 suis
513 2393 743 2435 Comm'odo
777 2395 892 2436 datus
923 2393 975 2435 est
1009 2392 1086 2435 suc-

51 2445 175 2488 cessor
201 2448 384 2487 Pertinax
411 2471 426 2492 9
465 2449 570 2493 cujus
598 2447 830 2494 probitatem
871 2450 910 2487 ὅ(
938 2450 1086 2495 optima

41 2498 229 2540 ‘instituta
264 2512 352 2538 cum
380 2495 476 2539 ferre
512 2512 593 2537 non
631 2496 778 2547 possent
817 2499 958 2540 milites
988 2501 1080 2539 Prae-

46 2552 199 2592 toriani
218 2575 234 2598 9
262 2549 371 2590 luxui
398 2549 494 2589 olim
521 2553 562 2590 ὃ(
591 2554 733 2598 rapinis
760 2550 826 2591 sub
855 2551 1081 2592 Commodo

48 2600 185 2643 assueti
222 2615 347 2642 morte
383 2602 542 2653 indigna
575 2602 626 2642 ab
653 2602 788 2644 eisdem
824 2603 1082 2651 perduellibus

50 2656 298 2696 Praetorianis
323 2678 337 2698 ‚
376 2656 478 2694 intra
507 2653 784 2705 octogefimum
822 2657 1005 2695 oistavum
1032 2655 1083 2695 ab

43 2706 245 2748 electione
272 2706 372 2746 diem
390 2731 405 2753 9
434 2703 603 2747 sublatus
630 2707 683 2746 est
711 2736 720 2745 .
747 2710 849 2748 Tum
879 2710 1083 2756 Septimius

36 2761 211 2801 &verus
239 2756 260 2798 a
289 2760 524 2802 Pannonicis
541 2758 778 2809 legionibus9
803 2760 964 2800 devietis
991 2761 1085 2800 duo-

44 2809 120 2852 hus
147 2812 300 2858 Imperii
325 2811 648 2859 competitoribus
679 2807 893 2853 Pescennio
919 2813 1043 2863 Nigro
1063 2837 1078 2859 9

43 2870 165 2915 quem
191 2864 309 2912 Syriae
337 2861 506 2913 legiones
524 2888 541 2911 9
568 2863 706 2904 deinde
733 2863 882 2906 Clodio
911 2862 1079 2910 Albino,

18 2915 25 2957 ἑ
46 2925 166 2966 quem
191 2916 402 2955 Britanniae
428 2913 602 2965 legiones
628 2915 846 2967 elegerant9
875 2919 1081 2964 Imperium

0 2959 25 3017 {i
50 2962 240 3015 eapeffivit
268 2991 283 3014 9
347 2962 512 3008 naiione
549 2965 642 3007 Afer
671 2992 686 3015 9
739 2971 898 3020 ingenio
932 2967 1084 3009 vaferri-

51 3028 134 3074 mus
163 3036 181 3066 9
224 3019 265 3058 a&
293 3018 470 3059 moribus
507 3019 707 3065 erudeliss
744 3020 946 3071 postquam
983 3021 1080 3061 duos

54 3068 330 3122 potentissimos
369 3069 604 3112 adversarios
641 3073 762 3113 divisit
790 3097 806 3120 9
831 3072 975 3124 sibique
1003 3088 1082 3114 ma-

56 3117 201 3170 gulficis
238 3122 605 3172 *pollicitationibus
645 3122 826 3167 Caesareae
884 3126 1084 3176 dignitatis

55 3172 244 3223 &martis
271 3177 422 3225 Imperii
445 3176 617 3216 devinxit
644 3205 654 3215 .
682 3175 825 3219 Verum
852 3178 936 3226 post
963 3178 1089 3219 debel.

60 3219 448 3283 latuqfi’escennium
476 3253 491 3276 9
519 3242 626 3268 arma
652 3231 693 3268 in
722 3227 866 3269 socium
898 3228 1086 3271 Albinum

25 3301 28 3311 »
58 3277 262 3322 inopinato
294 3284 491 3322 convertit
513 3305 529 3328 9
557 3279 761 3321 calumniis
800 3281 1022 3323 rebellionis
1048 3286 1090 3323 &

24 3320 29 3367 Ι
58 3322 222 3375 perfidia
248 3331 492 3374 innocentem
532 3330 697 3383 perfidus
724 3330 801 3381 ipse
829 3338 1047 3383 opprimens
1073 3360 1088 3382 9

0 3373 143 3430 *lcum
173 3391 237 3437 ‘eo
286 3386 366 3424 acie
418 3387 466 3426 ad
503 3385 737 3437 Lugdunum
791 3387 1038 3436 congreditur
1074 3412 1089 3434 9

0 3425 31 3498 l
52 3439 139 3488 <11¹9
170 3444 208 3490 3¹¹
246 3431 375 3492 {meli-0
413 3437 577 3480 Clodius
614 3438 782 3480 Albinus
816 3451 991 3489 pugnans
1025 3443 1081 3478 in-

49 3493 245 3541 tqumltur
261 3506 284 3540 ⁴a
307 3524 310 3529 ,
345 3483 493 3538 msaque
546 3491 635 3532 urbs
684 3491 841 3533 vitstoris
894 3494 950 3531 ira
995 3491 1081 3531 diri-

10 3559 12 3565 ·
50 3544 156 3581 pitur
182 3535 222 3572 δι
257 3537 492 3580 incenditur..
522 3541 665 3584 Rerum
700 3557 848 3592 potitus
875 3545 1035 3586 Severus
1061 3568 1078 3591 9

11 3589 14 3606 ⁶
52 3582 264 3627 B²ff¹anum
291 3611 306 3634 ο
354 3602 451 3630 natu
483 3596 648 3641 priorem
692 3595 814 3637 filium
855 3594 962 3639 suurn
996 3596 1078 3637 An-

1176 797 1209 836 3.
1239 783 1361 826 Anno
1400 783 1539 826 deinde
1566 786 1714 833 Imperii
1751 785 1905 843 decimo
1933 809 1945 829 9
1993 790 2059 836 qui
2100 786 2173 828 fuit

0 774 1 784 ,
50 733 387 894 SANCTA
415 740 490 780 Dei
518 731 685 777 Ecclesia
710 755 726 780 9
762 743 847 781 quae
873 727 940 770 sub
968 705 1073 771 Mar·
1126 737 1226 775 ravit
1254 758 1270 781 9
1323 733 1650 783 posterioremque
1704 735 1849 776 Getam
1903 736 2120 777 nominavit
2157 766 2167 775 .

1132 837 1278 878 Christi
1323 834 1601 878 ducentesimus
1638 834 1821 877 secundus
1860 862 1874 884 9
1919 836 2171 888 gravissimam

1131 887 1406 938 persecutionis
1443 887 1654 937 procellam
1683 891 1842 929 Severus
1886 902 2029 929 contra
2058 890 2173 931 Chri-

1134 941 1277 982 stianos
1304 944 1430 982 movit
1470 952 1558 990 quae
1584 939 1680 979 caelo
1711 942 1907 991 Martyres
1946 941 2050 982 dedit
2081 940 2172 983 Ale-

1135 994 1303 1035 xandriae
1329 993 1486 1045 quidem
1514 992 1731 1032 Leonidam
1754 995 1931 1044 Origenis
1960 1006 2168 1041 parentem.-

1136 1046 1315 1096 Lugduni
1351 1049 1532 1086 irenaeum
1561 1061 1573 1082 ε
1610 1044 1742 1084 Romae
1771 1044 1971 1086 Victorem
2011 1044 2168 1086 Pontifi-

1136 1112 1221 1138 cem
1250 1116 1259 1136 :
1294 1101 1336 1144 in
1363 1095 1496 1138 Africa
1533 1098 1765 1144 Perpetuam
1793 1121 1808 1142 9
1845 1099 1886 1136 δε
1921 1095 2165 1138 Felicitatem

1132 1149 1286 1192 nobiles
1313 1148 1492 1190 soeminas
1520 1176 1531 1186 .
1567 1150 1709 1188 Severo
1750 1162 1907 1188 mortuo
1937 1173 1951 1196 9
1989 1147 2060 1189 filii
2089 1150 2169 1189 duo

1133 1214 1339 1250 paternum
1367 1201 1490 1241 sortiti
1519 1198 1606 1239 sunt
1636 1214 1793 1251 regnum
1824 1199 2018 1241 Bassianus
2049 1199 2164 1242 Anto

1134 1256 1270 1301 ninus9
1298 1254 1423 1294 didus
1453 1255 1596 1302 pariter
1619 1250 1853 1299 Caracalla9
1882 1255 1922 1292 &
1948 1250 2066 1293 frater
2096 1255 2171 1295 Ge-

1134 1319 1176 1346 ta
1203 1324 1214 1344 .·
1240 1306 1313 1347 Sed
1343 1305 1446 1346 hunc
1475 1305 1581 1345 brevi
1612 1302 1744 1352 suapte
1771 1318 1887 1344 manu
1917 1307 1956 1343 in
1986 1305 2135 1352 palatio
2153 1331 2169 1353 9

1132 1370 1253 1408 atque
1282 1360 1383 1398 inter
1411 1361 1543 1397 matris
1570 1355 1730 1396 brachia
1758 1382 1773 1403 9
1811 1355 2024 1396 Caracalla
2053 1361 2170 1397 truci-

1133 1409 1241 1451 davit
1269 1439 1280 1449 .
1322 1409 1402 1450 Sub
1436 1409 1512 1450 hoc
1548 1406 1737 1448 deferbuit
1765 1433 1780 1455 9
1826 1420 1946 1457 quam
1980 1420 2090 1456 pater
2126 1413 2167 1449 in

1133 1460 1372 1502 Cliristianos
1398 1459 1647 1502 suscitaverat
1676 1485 1691 1508 9
1719 1458 1930 1507 persecutio
1958 1483 1973 1506 9
2001 1474 2165 1511 eamque

1135 1517 1174 1555 in
1217 1512 1314 1563 ipsos
1363 1516 1478 1554 vertit
1513 1510 1776 1562 persecutores
1801 1539 1812 1550 .
1857 1511 2166 1559 Superbissunum
2216 1545 2218 1547 .

1130 1568 1236 1607 enim
1253 1565 1513 1607 'Plautianum
1542 1562 1710 1605 socerum
1741 1562 1847 1604 suum
1876 1589 1891 1611 9
1922 1562 2168 1605 Christiano.

1131 1631 1215 1658 rum
1244 1631 1334 1658 toto
1362 1618 1455 1658 orbe
1490 1615 1708 1658 dirissimum
1726 1614 1955 1661 ‘carnificem
1983 1641 2000 1663 9
2035 1619 2167 1658 viven-

1131 1682 1171 1710 te
1198 1670 1324 1710 adhuc
1359 1683 1468 1718 patre
1495 1694 1510 1717 9
1548 1669 1728 1709 occidit:
1767 1671 1862 1718 quin
1899 1672 2019 1709 etiam
2053 1671 2169 1710 Seve-

1132 1735 1217 1763 rum
1257 1735 1401 1770 patrem
1430 1724 1526 1762 mori
1566 1735 1641 1769 prae
1669 1734 1828 1761 maerore
1853 1723 1983 1771 coegit
2011 1745 2026 1768 9
2067 1720 2168 1770 post·

1133 1787 1251 1824 quam
1280 1773 1435 1814 diversis
1470 1773 1593 1813 modis
1622 1775 1698 1817 ejus
1726 1771 1925 1812 insidiatus
1962 1772 2015 1812 est
2043 1776 2127 1816 vitae
2153 1791 2169 1819 ,-

1134 1838 1368 1875 mortuoque
1405 1838 1515 1874 patre
1550 1828 1591 1864 in
1628 1826 1836 1865 Senatores
1862 1848 1878 1870 9
1918 1826 1957 1864 δε
1995 1823 2169 1866 Praesides

1136 1877 1447 1927 provinciarum9
1475 1874 1708 1926 caeterosque
1737 1874 1976 1926 magistratus
1997 1900 2011 1922 9
2042 1889 2170 1924 pater-

1139 1945 1194 1971 nae
1218 1927 1393 1970 adversus
1423 1928 1627 1971 Ecclesiam
1655 1927 1883 1968 hostilitatis
1909 1929 2170 1978 administros9

1140 1985 1328 2023 atrociter
1357 1980 1540 2023 desaeviit.
1579 2017 1583 2020 ,

1191 2048 1229 2085 4.
1257 2035 1653 2078 Prima-crudelitatis
1695 2036 1778 2083 ejus-
1808 2034 1892 2084 post
1928 2032 2062 2076 caes‘um
2098 2033 2171 2076 sra-

1137 2100 1237 2129 trem
1262 2087 1419 2127 victima
1453 2086 1524 2127 fuit
1552 2086 1850 2142 Jurisconsultus
1888 2091 2121 2138 Papinianus
2149 2114 2164 2135 9

1140 2143 1304 2182 Senatus
1331 2139 1499 2180 Romani
1528 2143 1757 2188 praecipuum
1784 2140 1898 2181 decus
1927 2166 1941 2188 9
1970 2154 2086 2192 quem
2114 2144 2172 2180 in-

1137 2191 1358 2240 terpellavit
1387 2205 1429 2232 ut
1458 2193 1712 2233 iratricidium
1741 2193 1841 2240 apud
1864 2196 2049 2247 Senatum
2077 2207 2170 2244 qua-

1138 2244 1165 2286 fi
1199 2245 1333 2292 justum
1359 2269 1374 2291 9
1410 2247 1449 2284 δε
1482 2245 1531 2285 ad
1566 2245 1796 2285 avertendas
1841 2248 1950 2286 Getae
1986 2244 2166 2286 adversus

1141 2299 1439 2347 primogenitum
1485 2295 1639 2337 fratrem
1683 2295 1835 2336 infidias
1879 2296 2125 2337 necessarium
2155 2323 2170 2343 9

1142 2346 1339 2389 excusaret
1371 2378 1380 2387 .
1417 2349 1491 2389 Sed
1533 2353 1591 2388 vir
1627 2349 1772 2395 probus
1804 2352 1843 2388 &
1878 2351 2026 2400 integer
2070 2353 2171 2390 mori

1140 2399 1331 2450 praelegit
1368 2400 1484 2451 quam
1513 2398 1655 2448 injustis
1683 2400 1884 2442 calumniis
1909 2427 1924 2445 ‚
1960 2404 2000 2441 &
2026 2402 2174 2444 occiso-

1141 2455 1188 2492 ris
1217 2449 1346 2492 sceleri
1373 2455 1610 2502 patrocinari
1647 2480 1656 2490 .
1699 2453 1948 2505 Qapropter
1990 2454 2038 2493 ad
2067 2469 2169 2496 mor·

1132 2518 1212 2545 tem
1239 2503 1261 2544 a
1289 2502 1439 2544 furente
1466 2503 1678 2546 Caracalla
1705 2505 1898 2544 damnato
1931 2510 2060 2546 cervix
2089 2508 2170 2558 gla-

1133 2557 1203 2597 dio
1227 2554 1309 2606 cesa
1336 2556 1388 2597 est
1416 2585 1425 2595 .
1477 2555 1566 2596 Post
1594 2554 1659 2595 isla
1689 2556 1820 2596 Romae
1858 2569 2077 2605 perpetrata
2106 2562 2173 2600 fla-

1134 2611 1229 2660 gitia
1251 2633 1264 2655 9
1296 2611 1334 2648 in
1364 2609 1587 2659 AEgyptum
1614 2608 1713 2649 abiit
1741 2606 2019 2652 Alexandrinis
2045 2609 2168 2652 insen-

1136 2660 1195 2702 sus
1221 2685 1236 2708 9
1276 2659 1298 2700 Ξι
1356 2660 1468 2700 uibus
1495 2658 1620 2701 fuerat
1648 2661 1819 2701 dicier-iis
1848 2662 2062 2709 perstrictus
2090 2662 2170 2704 eos·

1139 2726 1215 2764 que
1243 2712 1294 2752 ad
1335 2713 1630 2762 perstaculorum
1668 2716 1896 2762 apparatum
1925 2715 2088 2755 allectos
2114 2719 2173 2755 in-

1138 2769 1247 2817 genti
1288 2764 1407 2816 strage
1445 2768 1635 2806 exercitus
1670 2778 1784 2815 quei-n
1821 2766 1985 2806 ducebat
2013 2791 2026 2814 9
2070 2767 2170 2808 nibil

1133 2819 1212 2858 tale
1239 2814 1471 2865 suspicantes
1496 2843 1512 2865 9
1548 2818 1757 2858 trucidavit
1785 2833 1797 2862 5
1827 2821 1871 2858 δ(
1900 2817 2088 2869 fugientes
2116 2819 2170 2861 est

1137 2868 1347 2910 insectatus
1367 2895 1382 2917 9
1413 2883 1455 2909 ut
1483 2868 1705 2917 ampliffima
1734 2874 1868 2910 civitas
1896 2874 2039 2910 civium
2065 2885 2170 2912 cruo—

1135 2937 1176 2962 re
1206 2922 1459 2962 redundaret.
1485 2923 1579 2962 Inde
1607 2921 1784 2972 digressus
1805 2921 2051 2962 Artabanum
2083 2926 2171 2964 Par—

1138 2974 1297 3014 thorum
1328 2974 1470 3024 Regem
1500 2972 1594 3013 ficto
1620 2987 1809 3022 praeteXtu
1841 2978 2059 3023 nuptiarum
2082 2990 2171 3016 cum

1134 3030 1211 3075 ejus
1240 3024 1321 3066 filia
1347 3051 1362 3073 9
1389 3025 1654 3066 fraudulenter
1680 3024 1856 3076 oppressit
1877 3051 1891 3073 9
1921 3023 2074 3078 ejusque
2104 3041 2170 3076 po-

1138 3078 1296 3126 pulatus
1321 3078 1373 3118 est
1407 3091 1567 3127 regnum
1595 3105 1604 3114 .
1751 3079 1753 3082 ⁴
1889 3101 1891 3104 -
2030 3105 2033 3116 2

1195 3143 1229 3178 5.
1256 3132 1406 3170 Interea
1433 3131 1523 3170 dum
1551 3142 1645 3179 pace
1672 3126 1868 3171 fruebatur
1895 3129 2064 3172 Ecclefia
2094 3133 2170 3173 Ro-

1141 3197 1209 3224 mae
1238 3179 1304 3222 sub
1339 3182 1563 3231 zephyrino
1600 3206 1615 3230 9
1668 3184 1733 3231 qui
1762 3182 1847 3230 post
1875 3184 2044 3229 Victoris
2074 3200 2171 3225 mar-

1142 3237 1282 3284 tyrium
1308 3231 1430 3275 sedem
1459 3237 1562 3275 Petri
1590 3231 1834 3282 ascenderat9
1863 3235 2008 3276 nobilis
2037 3239 2077 3278 &
2104 3252 2169 3286 pu-

1142 3287 1245 3326 blica
1273 3284 1484 3334 disputatio
1514 3286 1560 3326 de
1587 3284 1661 3325 fide
1689 3284 1824 3327 habita
1851 3287 1904 3327 est
1921 3313 1935 3336 9
1964 3292 2066 3334 inter
2094 3293 2170 3332 Ca.

1145 3338 1225 3379 sum
1252 3339 1510 3387 peritissimum
1539 3337 1789 3387 Theologum
1813 3364 1828 3387 9
1855 3342 1895 3380 &
1923 3342 2102 3382 Proclum
2132 3359 2170 3383 a·

1145 3391 1224 3440 pud
1268 3390 1531 3431 Montanistas
1561 3390 1834 3442 cataphrygas
1878 3393 2170 3434 celeberrimum

1135 3445 1298 3483 ducem.
1318 3443 1494 3484 Victoria
1521 3456 1639 3492 penes
1664 3442 1901 3484 catholicam
1930 3457 2073 3494 partem
2103 3448 2170 3486 ste-

1134 3498 1184 3536 rit
1206 3519 1221 3541 9
1250 3494 1528 3550 divulgatoque
1562 3496 1601 3534 in
1629 3508 1762 3535 omnes
1789 3509 1916 3544 partes
1944 3498 2044 3540 adeo
2071 3497 2171 3540 felici

1135 3541 1299 3587 successu
1325 3571 1340 3594 9
1369 3547 1469 3587 secta
1497 3544 1576 3595 ipsa
1602 3559 1699 3595 pene
1725 3549 1898 3589 extindta
1927 3547 1999 3590 fuit
2013 3569 2034 3598 9·
2056 3550 2171 3590 seda.

1134 3602 1198 3639 riis
1216 3601 1397 3639 certatim
1425 3598 1473 3639 ad
1500 3596 1708 3639 Ecclesiam
1733 3601 1979 3643 redeuntibus
1998 3620 2013 3647 ‚-
2038 3599 2172 3642 etiam.

29 3639 187 3713 {toarni
214 3663 229 3688 9
265 3640 474 3690 gratissimo
509 3644 692 3689 Romanis
727 3651 886 3692 nomine
913 3674 930 3699 9
965 3649 1075 3703 deco-v
1127 3650 1153 3691 sl
1180 3649 1496 3700 pertinacissimus
1512 3650 1777 3693 Tertullianus
1805 3653 2039 3695 variiseditis
2066 3653 2172 3705 libris

31 3764 34 3806 Ι

32 3878 36 3914 l

33 3923 36 3934 ι

1762 3705 1795 3745 E
2035 3705 2114 3747 col.
