2430 3958
722 208 1100 312 Historica

75 328 464 382 praetoriae'cohortis
481 326 617 371 ducem
635 351 652 376 5
678 326 732 368 ob
755 325 900 369 Christi
915 323 1029 368 fidem
1046 325 1104 366 ul-

75 388 173 426 timo
193 381 381 432 supplicio
404 378 586 424 affecerat
607 401 619 419 a
666 381 928 423 Maximianus
957 380 1101 427 Hercu-

73 435 147 478 lius
164 439 206 477 in
228 435 299 476 illa
318 446 460 477 contra
477 432 673 476 Bacaudas
694 432 941 481 expeditione
957 454 973 479 5
1001 429 1101 472 The-

71 488 238 540 baeorum
253 502 344 529 cum
359 487 456 528 duce
477 488 672 528 Mauricio
694 485 730 526 le
757 486 911 532 ionem„
939 495 1024 535 quae
1039 495 1100 523 to-

71 540 116 583 t'a
131 556 180 584 ex
199 540 429 584 Christianis
446 538 631 581 militibus
640 552 717 579 con
750 535 844 576 abat
860 559 876 583 5
905 539 1026 577 totius
1044 548 1098 575 re-

70 593 170 645 liqui
185 596 372 635 exercitus
387 594 500 634 armis
518 591 740 632 nullatenus
757 586 987 630 resistentem
997 586 1097 628 dele-

70 659 179 688 verat
195 671 211 694 5
237 645 287 686 eo
314 643 424 697 quod
444 646 467 686 a
484 642 654 694 profanis
670 641 872 692 gentilium
899 637 1095 680 sacrificiis

69 696 109 740 se
125 695 353 740 subduxisset
379 696 567 746 tantisper
583 695 632 736 ad
650 692 856 744 Agaunum
875 691 1060 740 oppidum
1084 719 1095 730 .

70 751 173 792 Sunt
202 763 333 791 tamen
363 753 441 802 qui>
463 746 629 790 altera'a
651 745 865 794 posteriore.
882 743 1096 785 Gallicana

68 803 323 851 expeditione
354 801 431 842 hoc
451 801 674 850 martyrium
702 796 865 847 legionis
897 793 1095 846 contigisse

68 854 195 894 velint
207 882 216 893 .
244 853 357 895 Nihil
374 854 480 895 certe
498 851 709 893 intricatius
717 847 858 888 horum
876 860 1097 896 temporum

61 904 367 957 chronologiis„
394 915 476 947 tum
494 902 546 944 ob
566 904 808 951 Scriptorum
827 897 1097 948 diffenfiones‚

66 970 147 999 tum
174 956 234 1006 ob,
254 955 515 999 difficultatem
543 952 749 994 reducendi
770 952 1000 996 Christianae
1030 968 1096 993 an.

65 1023 143 1056 nos
158 1009 313 1059 epochae
333 1010 383 1050 ad
407 1021 532 1048 annos
552 1006 822 1051 Romanorum
845 1003 1063 1047 consulares
1078 1024 1094 1051 ,-

65 1076 136 1103 aut
157 1065 277 1104 etiam
303 1058 639 1102 discernendorum
664 1072 859 1099 annorum
884 1057 1092 1102 inchoato-

65 1126 153 1156 rum
168 1113 234 1155 seu
254 1115 470 1155 ineuntium
499 1110 522 1151 ὲ
540 1108 799 1164 desinentibus
817 1127 828 1149 :
855 1122 938 1150 tum
962 1109 1014 1156 ob
1037 1110 1093 1150 di-

66 1163 256 1208 versarum
285 1164 594 1214 eonje&urarum
622 1159 862 1204 incursantes
889 1159 1089 1208 difficulta-

65 1231 125 1260 tes
139 1247 151 1258 .
175 1218 285 1268 Quas
303 1216 358 1257 ob
375 1213 506 1258 causas
525 1214 721 1258 doctiores
742 1217 811 1267 qui
831 1214 971 1255 nostris
994 1226 1088 1257 tem-

62 1270 219 1320 poribus
231 1266 401 1310 floruere
420 1267 689 1319 chronologi,
715 1266 920 1319 postquam
946 1266 995 1307 ab
1012 1265 1086 1308 istis

60 1320 102 1372 fe
124 1321 351 1373 ambagibus
403 1320 581 1368 expedire
608 1323 746 1362 conati
791 1317 878 1360 sunt
895 1344 910 1367 5
964 1319 1084 1369 longe

0 1364 1 1387 ³
60 1386 191 1423 tamen
208 1373 260 1414 ab
275 1375 440 1414 invicem
457 1368 679 1414 dissentiunt
700 1400 711 1412 .
737 1371 985 1415 Diocletiani
1000 1373 1084 1412 Ma.

0 1446 1 1459 i
54 1426 302 1477 ximianique
324 1437 467 1466 contra
490 1423 736 1466 Christianos
763 1425 892 1465 edicta
923 1423 1084 1464 biennio

0 1481 1 1517 Ξ
42 1475 277 1529 ,priusquam
303 1479 467 1526 imperio
494 1476 676 1518 cederent
693 1500 710 1524 5
736 1475 935 1525 publicata
963 1474 1051 1516 sunt
1074 1505 1084 1515 .

57 1528 154 1583 Qio
169 1530 219 1570 ab
238 1532 355 1572 initio
373 1525 542 1580 adusque
563 1529 930 1570 Maximiniexitum
946 1530 1085 1568 Orien-

51 1584 107 1626 tis
124 1585 282 1638 tyranni
295 1607 312 1631 5
339 1595 457 1634 quem
472 1578 703 1632 subsequuta
721 1581 775 1622 est
792 1578 969 1631 Ecclcfiae
987 1594 1088 1629 pax,

57 1645 293 1727 {acuitque
314 1633 625 1684 prptendebatur
634 1633 859 1674 Romanum
880 1633 1088 1682 Imperium

51 1699 54 1702 ⁴
80 1714 83 1715 ν
121 1685 205 1727 ulus
218 1685 379 1729 Orosius
388 1701 515 1727 annos
530 1686 663 1726 decem
681 1682 843 1727 resenset
861 1681 1092 1732 persecutio.

54 1738 114 1782 iiis
129 1755 136 1764 ·
162 1751 245 1790 quae
262 1738 420 1791 quidem
430 1750 511 1779 tam
521 1738 604 1778 dira
614 1739 654 1788 ὃς
664 1736 979 1778 Christianorum
988 1748 1089 1786 quos

54 1788 106 1830 ab
124 1789 261 1839 umpfit
289 1790 540 1831 multitudine
555 1814 570 1836 5
599 1791 640 1829 &
659 1787 859 1830 horrenda
886 1786 1091 1837 supplicio.

56 1854 142 1886 rum
170 1844 412 1883 immanitate
438 1840 511 1882 suit
532 1866 549 1889 5
576 1853 622 1881 ut
645 1840 744 1883 nihil
771 1841 948 1881 atrocius
978 1864 994 1888 5
1021 1851 1089 1880 aut

53 1893 252 1934 crudelius
271 1897 487 1944 excogitari
506 1906 626 1944 queat
646 1922 657 1933 .
684 1891 865 1935 Eusebius
886 1892 1092 1935 Caesarien-

53 1943 100 1986 fis
118 1946 219 1987 hanc
246 1945 553 1993 persecutionem
569 1946 722 1986 duobus
744 1971 759 1994 5
787 1945 933 1986 octavo
963 1948 1004 1987 δέ
1020 1960 1093 1986 no.

51 2012 132 2045 no,
161 1995 324 2037 h'i'storiae
343 1994 611 2037 Ecclesiasticae
629 1995 735 2037 libris
754 1995 943 2047 descripsit
960 2027 971 2037 .
998 2000 1092 2039 Ver-

50 2047 234 2092 sabantur
266 2047 507 2089 Nicomediae
533 2047 613 2088 duo
650 2046 759 2089 simul
791 2051 1048 2098 Imperatores
1069 2074 1086 2098 5

54 2101 216 2153 quando
253 2098 530 2148 persecutionis
562 2101 730 2142 edidtum
766 2102 917 2151 promul
946 2114 1063 2144 arunt
1080 2130 1090 2141 .

50 2155 149 2209 Qio
166 2153 303 2195 eodem
321 2153 382 2195 die
403 2152 557 2202 publice
565 2151 809 2205 propositum
823 2158 885 2202 'vir
911 2154 1092 2204 „hg-istm.

51 2219 126 2251 nus
144 2233 160 2256 5
188 2220 237 2251 ex
256 2203 514 2253 nobilioribus
540 2214 769 2269 Nicomedi?
789 2213 938 2258 civibus
952 2240 968 2264 5
996 2214 1092 2256 divi.

51 2276 109 2302 ¹10
127 2259 215 2304 fidei
241 2261 319 2322 {stu
333 2263 509 2311 incensus
534 2267 704 2310 &ustum
713 2283 764 2311 ex
787 2267 946 2319 publico
967 2267 1092 2308 detra-

51 2322 161 2366 &um
180 2324 273 2364 loco
305 2321 435 2373 palam
464 2319 686 2371 discerpsit,
713 2322 879 2377 ideoque
905 2322 1089 2362 interim-

51 2375 476 2420 maniffimoscruciatus
488 2371 788 2415 constantissime
797 2369 922 2423 passos
930 2386 1091 2423 genero.

52 2427 136 2471 sum
161 2427 336 2478 spiritum
353 2426 575 2469 exhalavit.
602 2423 787 2466 Antimus
805 2424 1090 2475 NicomedieE.

51 2481 251 2532 piscopus2,
268 2483 426 2527 Petrus,
449 2476 706 2526 Dorotheus,
732 2478 981 2528 Gorgonius,
1009 2476 1090 2520 alii.

55 2546 135 2584 que
151 2536 343 2574 innumeri
355 2544 482 2579 morte
500 2527 666 2582 gloriosa
677 2532 906 2579 martyrium
915 2526 1090 2578 consum.

51 2599 208 2627 marunt
230 2614 240 2624 .
265 2587 310 2627 In
332 2582 415 2625 sola
431 2585 617 2634 AEgypto
645 2594 805 2627 centum
825 2581 1087 2632 quadraginta

51 2651 226 2689 quatuor
243 2636 554 2680 Christianorum
580 2634 704 2675 millia
721 2631 804 2685 cegsa
822 2646 1086 2674 numerantur.

50 2691 100 2732 In
133 2689 277 2730 Galliis
297 2688 372 2729 hac
399 2685 665 2737 persecutione
694 2685 835 2727 sublati
870 2685 988 2730 sunt.
1016 2684 1083 2727 sub

50 2740 282 2783 Ridtiovaro
302 2738 442 2791 prqfide
457 2765 472 2788 5
513 2737 692 2789 Episcopi
713 2739 940 2781 Vi‘storinus
959 2740 1086 2780 Picta-

48 2807 219 2841 vorum‚
246 2791 508 2844 Firminusque
529 2790 844 2832 Ambianorum:
867 2790 993 2831 Remis
1004 2793 1090 2834 Ma-

49 2848 111 2887 cia
132 2848 243 2898 virgo
262 2874 271 2884 .
298 2847 344 2887 In
374 2843 567 2895 Hispaniis
583 2869 599 2892 5
627 2842 693 2885 sub
714 2842 866 2884 Praefide
886 2844 1093 2895 Daciano,

49 2898 281 2941 Vincentius
300 2896 590 2950 Caesaraugustae
604 2921 619 2945 5
648 2895 803 2937 Eulalia
825 2898 936 2947 virgo
954 2898 1096 2940 Emeri-

51 2962 103 2991 εκ
122 2975 139 2998 5
165 2964 209 2991 ut
225 2953 346 2991 etiam
365 2953 406 2991 in
424 2949 556 2991 Sicilia
574 2947 660 2998 post
681 2947 881 2999 Agatham
900 2951 1091 2998 virginem

54 3000 172 3044 Lucia
193 3005 301 3054 virgo
318 3001 508 3053 Syracusis
521 3026 537 3049 5
563 3004 604 3042 &
623 3003 832 3049 Procopius
853 3003 893 3040 &
914 3001 1092 3051 Pamphi.

55 3053 234 3147 {iffi-²⁹&
250 3052 466 3098 Caesaream
487 3052 837 3096 Palaestinaeillustre
856 3058 1088 3104 martyrium

123 3119 196 3146 iere
213 3134 224 3145 .
241 3131 245 3134 -
709 3134 721 3146 5

59 3187 62 3189 Α
108 3164 168 3207 αξ.
193 3155 325 3199 Ambo
354 3158 513 3200 tandem
534 3156 696 3209 Augusti
717 3157 991 3200 Diocletianus
1015 3161 1086 3202 Ni-

59 3207 258 3258 comediae,
286 3213 326 3251 &
341 3210 449 3259 hujus
465 3208 636 3252 suasione
653 3212 916 3252 Maximianus
935 3212 1087 3254 Medio-

59 3257 294 3318 lanieodem
318 3262 378 3305 die
404 3265 608 3312 Imperium
629 3260 851 3304 dimiserunt
878 3291 888 3301 .
918 3262 1082 3312 Idanno

58 3309 298 3366 Diocletiani
342 3314 520 3366 vigesimo
555 3317 597 3356 &
637 3315 783 3357 Christi
817 3316 1086 3359 tercentesimo

91 3374 204 3402 uarto
229 3368 390 3417 contigit
420 3368 636 3420 eodemque
655 3365 764 3409 fimul
781 3366 843 3408 die
865 3372 1085 3411 renunciati

75 3426 145 3454 unt
166 3413 323 3474 Augusti
340 3419 793 3467 ConstantiusChlorus,
822 3421 862 3461 δε
880 3420 1086 3462 Maximia-

56 3479 130 3505 nus
173 3466 348 3526 Calenus
384 3468 650 3514 Armentatius
682 3503 690 3511 .
727 3475 804 3513 Hie
851 3470 959 3521 vero!
985 3473 1084 3515 duos

57 3515 225 3559 Caesares
244 3516 335 3559 fecit
353 3544 370 3567 5
396 3523 572 3565 Severum
590 3549 606 3573 5
634 3527 674 3566 &
695 3526 955 3567 Maximinum
980 3523 1088 3567 suum

57 3581 105 3610 ex
132 3568 268 3634 xsorore
296 3583 476 3620 nepotem
494 3602 508 3622 ,
540 3590 657 3628 quem
685 3579 843 3619 Orienti
867 3601 882 3623 5
919 3578 1086 3625 priorem

57 3635 150 3664 Vtro
171 3621 290 3665 Itallae
306 3621 471 3672 Praefecit
489 3655 499 3667 .
526 3629 780 3672 Constantius
803 3628 961 3681 reliquis
980 3629 1085 3673 abdi-

2015 242 2102 310 55

1925 350 1942 377 5
1968 328 2010 369 &
2037 325 2170 379 Hispa-

1163 210 1540 320 Synopfis.

1141 328 1239 367 catis
1262 328 1471 376 provinciis
1492 325 1614 368 solam
1640 324 1707 368 fibi
1737 325 1909 370 Galliam

1143 380 1354 426 niam-cum
1376 381 1576 420 Britannia
1596 381 1780 421 retinuit.
1944 424 1946 427 v

1200 443 1256 478 30·
1284 433 1406 472 Extra
1442 429 1540 471 fines
1568 434 1723 482 Imperii
1759 446 1903 483 magna
1930 432 2006 475 hoc
2034 430 2175 474 saeculo

1141 479 1246 523 saeta
1273 481 1327 524 est
1362 485 1403 523 in
1432 486 1595 525 Oriente
1627 497 1753 526 rerum
1780 485 1981 526 conversio
2008 514 2018 524 .
2054 484 2172 526 Persae

1140 534 1228 576 cum
1245 548 1363 576 antea
1378 532 1444 575 sub
1473 536 1707 581 Parthorum
1724 549 1846 586 regno
1873 535 2048 581 fuissent„
2076 552 2172 578 con-

1139 586 1370 627 traillorum'
1399 601 1523 639 regem
1541 581 1788 630 Artaban‘um
1815 588 2078 637 rebellarunt,
2108 590 2176 630 du-

1136 653 1182 680 ce
1217 642 1433 681 Artaxerxe
1468 664 1483 687 5
1553 644 1621 691 qui
1664 642 1787 682 tribus
1829 641 1954 692 preliis
2002 641 2172 683 Parthos

1137 689 1328 741 superavit
1354 717 1369 739 5
1397 691 1594 743 ipsumque
1621 691 1870 734 Artabanum
1897 695 2043 734 oceidit
2069 719 2084 741 5
2114 707 2173 735 at-

1137 755 1214 795 que
1248 742 1396 793 sujestis
1431 743 1497 784 fibi
1537 745 1688 786 Parthis
1724 758 1834 786 vetus
1882 743 2083 795 Persarum
2116 760 2172 788 re-

1136 809 1281 846 gnum,
1309 796 1358 837 ab
1386 793 1617 838 Alexandro
1646 797 1866 838 Macedone
1894 796 2085 844 excisum„
2113 802 2172 838 in-

1136 849 1353 897 stauravit,
1382 847 1404 889 ὲ
1431 862 1512 900 quo
1540 850 1719 897 deinceps
1746 863 1879 901 graves
1908 843 2077 889 Romani
2093 849 2171 890 cla-

1141 901 1207 942 des
1235 899 1389 951 perpeffi
1416 899 1524 941 sunt.

1194 964 1254 1004 31.
1282 953 1479 996 Doctores
1514 951 1676 1003 insignes
1704 952 1913 995 Ecclesiam
1946 953 2022 994 hac
2055 965 2172 995 aetate

1136 1003 1372 1047 illustrarunt
1397 1035 1406 1044 .
1445 1006 1653 1046 Pantaenus
1684 1009 1725 1046 in
1759 1009 1888 1054 primis
1926 1005 2170 1048 christianas

1134 1055 1286 1098 scholas
1315 1061 1437 1105 rexit,
1466 1072 1563 1109 quas
1574 1058 1699 1110 longo
1715 1071 1820 1109 ‚ante
1847 1057 1968 1108 ipsum
1997 1072 2173 1107 tempore

1129 1107 1236 1149 fuisse
1273 1108 1523 1151 Alexandriae
1562 1109 1755 1150 institutas
1790 1112 1909 1152 tradit
1946 1107 2133 1151 Eusebius
2162 1138 2174 1149 .

1131 1163 1207 1201 Hic
1236 1163 1286 1204 ad
1313 1163 1591 1212 praedicandum
1611 1163 1718 1203 Indis
1746 1161 1896 1203 sacrum
1918 1162 2174 1213 Evangelium

1131 1211 1204 1253 five
1231 1213 1254 1255 a
1280 1215 1437 1264 Iuliano
1465 1217 1480 1262 (
1508 1229 1549 1255 ut
1579 1212 1708 1255 scribit
1745 1212 1929 1256 Eusebius
1957 1218 1971 1262 >
1999 1213 2175 1255 Alexan-

1132 1266 1221 1307 driae
1254 1265 1445 1316 Episcopo
1470 1292 1487 1315 5
1524 1266 1597 1308 five
1626 1266 1647 1308 a
1675 1266 1814 1307 ,iuliani
1853 1265 2061 1308 successore
2090 1268 2172 1308 De-

1132 1321 1273 1359 metrio
1302 1344 1317 1366 5
1358 1332 1401 1360 ut
1437 1319 1619 1361 testatum
1658 1319 1814 1371 reliquit
1861 1323 2126 1370 Hieronymus
2151 1343 2170 1365 5

1127 1371 1382 1422 Evangelium
1419 1372 1600 1413 Matthaei
1629 1372 1737 1422 quod
1767 1370 1885 1412 antea
1910 1369 2035 1412 fuerat
2070 1385 2171 1411 rece·

1126 1430 1236 1472 ptum
1267 1427 1309 1464 in
1348 1424 1423 1465 illis
1462 1423 1686 1476 regionibus
1726 1426 1867 1472 reperit
1889 1442 1900 1463 .·
1937 1422 2026 1463 huic
2063 1424 2170 1463 enim

1156 1478 1239 1516 enti
1266 1475 1579 1518 Bartholomaeus
1620 1474 1835 1524 Apostolus
1901 1473 2016 1516 fidem
2054 1475 2172 1517 Chri-

1138 1529 1172 1566 -i
1199 1528 1504 1578 praedicaverat,
1532 1531 1572 1569 δε
1600 1527 1780 1573 Matthaei
1808 1528 2063 1580 Evangelium
2091 1529 2171 1567 He-

1132 1578 1460 1629 braicescriptum
1481 1581 1714 1631 reliquerat,
1744 1580 1852 1632 quod
1870 1578 1995 1621 fuerat
2015 1580 2036 1621 a
2057 1579 2172 1622 Chri-

1131 1630 1343 1672 stianorum
1370 1632 1424 1674 ibi
1451 1637 1781 1673 commorantium
1797 1633 1969 1684 reliquiis
1991 1632 2171 1683 religiose

1131 1680 1387 1724 asservatum.
1420 1683 1596 1736 Reliquit
1625 1683 1711 1734 post
1739 1683 1775 1725 se
1804 1687 2000 1736 pantenus
2030 1680 2172 1734 pleros-

1133 1748 1210 1786 que
1238 1732 1309 1775 suae
1336 1739 1488 1785 pietatis
1516 1750 1637 1788 atque
1663 1736 1895 1777 eruditionis
1925 1734 2168 1784 successores,

1132 1790 1234 1827 inter
1279 1800 1380 1837 quos
1418 1790 1563 1828 eminet
1606 1791 1805 1838 prqcipuus
1839 1792 1918 1835 ejus
1962 1787 2170 1838 discipulus

1135 1837 1320 1880 Clemens
1340 1839 1656 1886 Alexandrinus„
1683 1843 1927 1889 praeceptoris
1953 1838 2006 1880 sui
2025 1844 2172 1892 magni-

1133 1889 1227 1933 ficus
1255 1891 1440 1934 laudator
1457 1916 1473 1939 5
1501 1891 1722 1932 divinarum
1751 1891 2089 1945 humanarumque
2118 1894 2174 1934 di-

1134 1942 1377 1994 sciplinarum
1406 1946 1478 1991 (ut
1508 1948 1584 1994 ejus
1613 1941 1754 1992 scripta
1781 1945 1957 1993 produnt
1982 1948 1997 1994 )
2026 1944 2172 1996 peritis·
2195 1991 2200 1996 ,

1134 1997 1264 2038 simus.
1291 2000 1351 2039 Ex
1379 1997 1514 2039 eadem
1542 1994 1674 2041 schola
1730 1998 1831 2041 rodit
1860 1998 2050 2054 Origenes
2077 1997 2171 2041 Cle-

1133 2054 1274 2109 mentis
1302 2047 1529 2103 discipulus,
1558 2010 1731 2101 stupendi
1750 2055 1917 2105 ingenii,
1947 2067 2062 2106 quem
2088 2066 2173 2097 eru-

1134 2102 1295 2161 ditiss-imi
1329 2105 1535 2157 gentilium
1564 2106 1742 2148 Plotinus
1771 2106 1948 2149 Amelius
1975 2133 1989 2154 5
2025 2110 2064 2147 &
2093 2103 2168 2156 ipse

1134 2156 1366 2207 Christianis
1394 2155 1651 2203 infenfiffimus
1680 2158 1919 2214 Porphyrius
1941 2162 1980 2200 in
2009 2160 2169 2199 adrnira-

1133 2218 1244 2256 tione
1272 2213 1516 2264 habuerunt,
1545 2215 1585 2255 &
1612 2211 1735 2254 testati
1766 2208 1854 2267 sunt
1883 2215 2095 2262 Origenem
2114 2226 2171 2252 ar-

1134 2282 1218 2308 cem
1246 2269 1476 2308 eruditionis
1505 2263 1684 2308 tenuisse.
1713 2263 1955 2313 Apollonius
1984 2267 2171 2310 Senator,

1134 2323 1203 2369 qui
1230 2320 1457 2362 Commodo
1471 2323 1671 2369 imperium
1699 2330 1860 2357 tenente
1888 2314 2068 2364 scriptam
2096 2315 2117 2355 a
2134 2314 2170 2355 se

1132 2371 1466 2420 pro-Christianis
1491 2370 1717 2421 apologiam
1746 2371 1785 2408 in
1815 2370 1963 2410 Senatu
1992 2370 2172 2409 recitavit

1130 2427 1238 2473 cujus
1267 2424 1425 2463 decreto
1452 2437 1570 2472 caput
1596 2421 1659 2464 illi.
1683 2433 1927 2470 amputatum
1953 2420 2006 2460 est
2035 2449 2044 2460 .
2075 2421 2171 2461 Gre-

1128 2489 1262 2526 gorius
1283 2475 1609 2526 Thaumaturgus,
1637 2472 1764 2526 Julius
1791 2471 2018 2520 Africanus,
2050 2473 2174 2512 Hera.

1126 2528 1206 2570 clas
1234 2526 1528 2568 Alexandrinus
1559 2526 1790 2576 Episcopus.
1819 2523 2053 2576 Ammonius
2081 2523 2175 2564 Phi-

1131 2578 1349 2630 losophiam
1379 2578 1625 2620 Alexandriae
1653 2589 1797 2629 magna
1825 2576 2052 2618 celebritate
2080 2590 2172 2626 pro-

1128 2630 1238 2674 fessus
1267 2659 1282 2677 5
1309 2634 1414 2680 cujus
1443 2632 1598 2672 auditor
1626 2630 1747 2679 (teste
1774 2629 2017 2680 Porphyrio)
2048 2629 2171 2670 Ploti-

1131 2700 1201 2725 nus
1217 2683 1309 2726 fuit·
1338 2686 1383 2724 In
1403 2682 1537 2735 Africa
1554 2684 1844 2730 Tertullianus,
1875 2685 1942 2733 qui
1965 2680 2172 2732 postquam

1132 2737 1280 2787 scriptis
1308 2751 1466 2777 omnem
1494 2737 1648 2777 laudem
1673 2734 1949 2776 excedentibus
1978 2734 2171 2773 orthodo-

1132 2804 1222 2830 xam
1260 2787 1374 2831 fi'dem
1411 2787 1652 2830 invictissime
1691 2785 1863 2828 defendit
1890 2811 1905 2834 5
1950 2783 2170 2826 miserando

1137 2842 1298 2883 tandem
1325 2839 1432 2889 lapsu
1461 2844 1502 2882 in
1531 2840 1831 2891 cataphrygum
1876 2836 2032 2893 hgrefim
2059 2837 2173 2878 defle..

1137 2898 1195 2935 xit
1223 2923 1234 2934 .
1262 2895 1384 2945 Romg
1413 2895 1605 2934 Minutius
1634 2891 1724 2933 felix
1753 2921 1763 2930 .
1790 2889 2034 2940 Carthagine
2056 2892 2172 2941 egei·-

1134 2945 1210 2988 lius
1239 2948 1464 2997 Cyprianus
1492 2971 1507 2994 5
1538 2945 1714 2995 doctrine*
1741 2941 1851 2983 fimul
1877 2968 1893 2991 5
1920 2943 2172 2993 eloquentie,

1133 2996 1425 3050 sanctitatisque
1452 2997 1642 3046 specimen
1670 2998 1862 3048 egregium
1892 3025 1901 3034 .
1933 2993 2171 3045 Alexandrie

1133 3050 1347 3102 Dionysius
1377 3049 1586 3099 Episcopus
1613 3075 1628 3098 5
1665 3049 1713 3090 de
1741 3061 1822 3099 quo
1850 3045 2020 3096 superius
2049 3046 2106 3087 est'
2131 3061 2174 3087 a.

1131 3104 1238 3144 &cum
1267 3131 1280 3141 .
1318 3103 1540 3152 Pamphilus
1569 3098 1750 3143 Caesareae
1791 3099 1981 3155 Paelqstinp
2009 3098 2171 3150 Presby.

1129 3168 1188 3196 ter
1216 3181 1231 3203 5
1258 3158 1299 3197 &
1324 3156 1518 3197 Lucianus
1547 3153 1760 3203 Antiochi?
1787 3152 1987 3203 Presbyter
2006 3176 2021 3200 5
2049 3151 2169 3192 ambo

1129 3207 1358 3256 doctiffimi,
1386 3210 1455 3259 qui
1480 3205 1548 3247 sub
1560 3207 1780 3248 Maximino
1809 3205 2037 3254 martyrium
2064 3201 2167 3252 paffi.

1131 3259 1333 3301 Arnobius
1360 3285 1376 3308 5
1404 3274 1453 3301 ex
1481 3258 1616 3310 gentili
1643 3259 1735 3297 artis
1765 3255 1958 3306 rhetorice
1985 3252 2166 3304 professo.

1131 3328 1192 3361 rc,
1220 3310 1343 3353 factus
1370 3312 1637 3357 Christianus,
1668 3312 1708 3349 δι
1734 3308 1842 3355 hujus
1859 3305 2064 3357 discipulus
2092 3308 2168 3349 La.

1128 3365 1299 3406 <stantius
1320 3367 1556 3410 Firmanus,
1586 3359 1712 3411 Crispi
1732 3358 1880 3413 Cgsaris
1900 3363 2029 3413 magni
2053 3361 2166 3402 Con-

1127 3417 1284 3459 stantini
1312 3415 1380 3461 filii
1397 3416 1619 3463 institutor,
1647 3427 1730 3465 quo
1758 3427 1876 3456 nemo
1902 3416 2006 3455 inter
2033 3411 2166 3455 Eccle-

1127 3468 1293 3512 fiasticos
1326 3473 1541 3519 Scriptores
1570 3467 1713 3510 Latine
1747 3467 1913 3516 politior
1937 3493 1949 3505 .

1990 3671 2116 3721 coiis.
