2430 3958
274 258 806 369 Synodusvll.
867 216 1372 354 oecumenica,
1412 263 1754 345 'Nicaena
1795 266 1897 344 II.
1969 275 2112 365 265

100 369 140 405 δέ
157 367 439 412 distributionem,
461 373 519 415 qui
536 371 781 413 fintiiwa‘sum,
802 370 867 408 hoc
882 371 949 412 est,
968 365 1124 405 reddeat:

94 410 234 456 gestiatis
244 414 308 455 siaa
322 417 485 449 ratiociniis
500 414 636 449 obnoxii.
768 441 770 444 ,
930 413 933 417 ’

152 469 350 511 Canxn.
375 468 423 509 Si
455 476 537 522 quis
554 466 773 523 rpriscopus
789 499 803 519 ‚
828 470 890 510 'vel
911 465 1123 513 Monassern‘i

104 519 481 569 Praefeiiusinventus
494 522 676 571 fueriti-x>
715 526 902 572 picopatns
918 519 977 558 vel
995 519 1121 565 Mona-

95 565 198 613 Berii
211 573 311 618 agris
321 597 337 619 ‚
363 574 399 610 in
410 574 598 623 Principis
620 573 693 611 alic
723 575 774 610 'us
793 583 918 609 manus
932 569 1091 615 alienare
1106 593 1119 613 ,

99 617 164 655 vel
174 619 283 658 alteri
296 621 453 670 personae
464 623 637 670 tradere,
662 636 707 661 nu
723 621 794 661 lius
809 622 971 659 momenti
987 617 1036 663 fit
1045 628 1121 656 tra-

99 665 192 706 ditio
204 694 220 715 ,
244 680 284 708 ut
303 669 380 708 SS.
396 671 634 722 Apostolorum
649 685 698 710 vu
712 682 728 710 t
753 685 830 709 can.
846 680 904 718 39.
920 670 981 718 qui
1000 667 1090 705 dicit
1104 679 1118 704 .-

99 717 269 757 Omnium
290 733 408 759 rerum
431 720 698 768 Ecclefiasticar
722 735 755 757 m
775 719 976 769 Episcopus
998 728 1120 754 curam

93 778 203 813 gerat
220 794 234 814 ,
260 770 302 813 &
325 783 390 808 eas
405 770 627 817 administret
640 782 704 809 tan
729 783 812 808 uam
846 769 925 807 Deo
942 770 1096 804 intuente
1109 793 1119 802 .

97 815 166 854 Ne
178 817 287 855 liceat
321 831 440 859 autem
453 834 498 859 ex
523 825 576 860 eis
598 820 793 871 quidquam
808 817 878 864 fibi
898 816 1091 855 vendicare
1105 840 1119 860 ‚

97 865 160 902 vel
177 869 336 916 propriis
361 874 546 918 cognatis,
571 883 638 921 que
657 867 824 916 Daisunt
841 895 853 915 ,
880 868 1047 915 elargiri.
1072 862 1118 902 Si

91 911 162 959 siut
177 927 296 955 autem
308 929 485 969 pauperes
501 947 513 968 ‚
542 931 580 958 ut
587 917 804 969 pauperibus
817 917 1020 966 suppeditet
1032 929 1040 954 :
1046 913 1076 962 s
1071 914 1119 951 ed

97 977 164 1001 nou
176 977 292 1005 eorum
301 979 478 1017 praetextu
496 982 555 1008 res
567 967 731 1014 Ecclesia
744 968 925 1006 venundet
941 993 951 1003 .
976 965 1044 1004 Sin
1055 978 1118 1002 au-

95 1021 168 1051 tem
176 1014 427 1058 detrimentum
438 1018 603 1066 Ecclesia
611 1018 742 1066 afferre
753 1017 915 1066 causetur
930 1043 943 1062 ,
958 1028 1000 1053 ne
1010 1013 1117 1065 quid.

41 1069 44 1075 '
95 1076 206 1112 quam
224 1079 269 1103 ex
296 1081 381 1116 agro
402 1069 620 1108 emolumenti
666 1071 796 1116 ereipi,
831 1080 891 1105 nec
907 1065 958 1111 sic
975 1064 1119 1114 quidem

95 1113 329 1165 Principibus
342 1142 359 1164 ,
392 1121 454 1167 qui
467 1118 550 1168 sunt
570 1133 608 1157 eo
646 1133 728 1165 oco,
753 1117 885 1155 alienet
901 1115 1076 1165 praedium
1103 1140 1117 1160 ‚

91 1161 164 1210 sed
173 1163 312 1204 clericis
322 1167 382 1204 vel
394 1168 579 1215 agricolis.
607 1168 676 1206 Sin
686 1178 804 1206 autem
818 1165 976 1216 improba
993 1165 1118 1214 aliqua

97 1211 306 1252 calliditate
324 1225 490 1264 utentur,
519 1218 562 1259 ὼ*
574 1219 601 1255 ἁ
614 1218 738 1256 clerico
758 1217 819 1255 vel
836 1214 991 1266 agricola
1010 1216 1117 1254 Prin-

95 1272 181 1308 ceps
194 1275 317 1310 agrum
332 1268 478 1304 emerit:
500 1265 551 1311 sic
578 1281 713 1316 quoque
736 1266 866 1305 nullius
886 1266 929 1311 sit
957 1265 1116 1303 momenti

76 1310 260 1350 »venditio
274 1338 289 1360 ι
316 1315 358 1357 (9
372 1313 609 1365 Episcopatui
618 1342 632 1363 ,
658 1317 718 1354 vel
732 1315 945 1361 Monaslerio
954 1313 1115 1359 restitua-

61 1397 64 1402 „
91 1368 180 1401 tur.
203 1362 316 1399 Porro
328 1362 527 1414 Episcopus
542 1392 558 1412 ,
583 1366 643 1404 vel
656 1366 864 1412 monasterii
880 1364 1078 1412 Praesebius
1103 1390 1115 1410 ‚

92 1411 155 1458 qui
174 1407 237 1448 boc
256 1411 391 1458 fecerit
407 1439 418 1458 ‚
444 1415 651 1454 exturbetur
676 1417 820 1467 quidem
849 1415 1044 1466 Episcopus
1067 1414 1116 1452 ab

91 1456 340 1509 Episcopatu3
367 1462 577 1515 Monastcrij
587 1466 673 1504 vera
686 1464 888 1514 Praesecius
907 1492 920 1512 ,
945 1465 972 1503 a
988 1464 1116 1502 Mona.

83 1505 192 1596 ,εἶξα
203 1535 218 1556 ,
241 1521 282 1549 ut
299 1514 362 1562 qui
387 1514 483 1577 male:
499 1514 659 1565 diffipeut
670 1543 684 1564 ,
708 1530 783 1567 quae
807 1530 871 1554 non
891 1526 1117 1564 congregave-

135 1573 156 1596 η
185 1585 198 1600 ι

141 1621 357 1662 Can.xiv.
383 1625 500 1678 Qod
513 1628 616 1667 Ordo
628 1630 666 1666 in
680 1627 890 1667 sacerdotio
910 1625 1076 1673 versatur
1103 1651 1116 1671 ‚

89 1667 137 1715 esi
172 1673 331 1710 omnibus
365 1676 595 1724 manifestum
607 1704 620 1724 ‚
661 1679 702 1721 (5
733 1676 943 1715 Sacerdotis
973 1687 1117 1713 munera

88 1722 216 1759 exam
249 1720 403 1767 servare
428 1726 550 1764 ΠΕΟ
568 1739 713 1774 gratum
739 1726 814 1775 est.
850 1726 1026 1778 Qoniam
1056 1737 1117 1761 ve·

87 1769 131 1806 νὸ
166 1771 333 1809 videmus
366 1775 548 1813 nonnullos·
570 1779 597 1814 ὰ
620 1779 743 1826 pueris
778 1777 955 1823 tonsuram
982 1774 1117 1812 Clerici

93 1823 312 1878 qccipientes
325 1847 338 1868 ,
351 1824 501 1862 nondum
514 1826 601 1864 verb
615 1837 764 1874 accepta
775 1824 942 1874 Episcopi
953 1838 1115 1862 manuum

88 1869 299 1917 impositione
308 1873 346 1908 in
353 1877 611 1922 congregatione
621 1874 799 1924 &suggestu
813 1876 969 1922 legente-5
983 1899 996 1920 2
1026 1875 1065 1916 ὅ
1073 1873 1115 1910 id

87 1931 152 1955 non
165 1921 330 1958 canonice
333 1921 518 1967 facientes
527 1938 546 1972 ,·
570 1926 631 1962 hoc
652 1926 680 1963 ὰ
703 1924 865 1973 praesenti
885 1936 1011 1960 canone
1028 1920 1114 1968 ficri

85 1981 152 2005 nou
156 1971 398 2017 permittimus
418 1997 427 2008 .
455 1972 535 2010 Hoc
550 1973 662 2022 ipsum
677 1984 796 2011 autem
806 1975 915 2010 etiam
927 1974 965 2008 in
981 1971 1113 2009 Mona-

39 2015 52 2064 ¹.
84 2015 322 2066 cboftrvari;
352 2021 518 2059 Lefloris
538 2034 657 2060 autem
681 2036 847 2060 manuum
867 2018 1114 2070 impositionem

84 2066 169 2105 licet
184 2071 220 2105 in
232 2072 372 2119 proprio
383 2070 597 2119 Monaslerio
607 2070 751 2113 tantum
779 2075 960 2120 unicuique
983 2071 1111 2108 Mona-

81 2115 184 2165 ssert'j
207 2119 384 2165 Praefeo‘lo
400 2121 528 2170 facere
540 2147 553 2168 ,
566 2120 599 2167 fi
622 2120 686 2171 ipsi
706 2121 884 2168 Praefeeflo
901 2120 1037 2169 scilicet
1064 2120 1110 2156 ab

86 2165 265 2217 Episcopo
278 2170 449 2209 adbibita
458 2171 506 2218 fit
524 2185 647 2209 manus
658 2171 824 2220 impositio
851 2171 905 2208 ad
928 2169 1111 2209 Abbatia-

26 2237 30 2243 ·
82 2215 153 2254 lem
166 2217 380 2265 dignitatem
394 2246 409 2267 ,
434 2221 519 2260 dum
527 2220 575 2267 sit
592 2223 631 2264 (ς
647 2221 719 2270 ipse
730 2220 925 2268 Presbyter
936 2246 948 2258 .
974 2218 1110 2256 Simili-

85 2276 144 2304 ter
160 2268 201 2311 (5
214 2280 258 2305 ex
269 2272 420 2319 antiqua
442 2269 528 2319 cons
522 2270 689 2309 uetudine
705 2271 741 2307 C
743 2269 977 2319 borepiscopos
1000 2267 1108 2316 Epis-

36 2336 47 2379 ·ζ
87 2319 164 2365 copi
174 2319 340 2365 permiffu
351 2329 482 2368 oportet
495 2322 666 2359 Lec‘iores
688 2320 853 2357 ordinare
868 2347 878 2358 .

25 2487 37 2551 Δ»...

126 2379 278 2428 Habetur
285 2382 387 2418 etiam
395 2382 431 2418 in
439 2395 467 2420 e.
476 2384 640 2428 quoniam
652 2406 663 2423 ‚
684 2383 756 2417 dist.
765 2386 817 2425 69.
826 2383 895 2418 Hic
903 2382 1038 2418 observa
1054 2394 1110 2417 ve-

84 2428 139 2454 tus
157 2423 365 2469 privilegium
373 2425 542 2460 Abbaturn
559 2424 820 2460 consecratorum
837 2425 921 2458 circa
940 2425 1108 2459 minorum

83 2462 259 2498 Ordinum
270 2476 346 2508 erga
362 2466 506 2502 subditos
516 2467 704 2502 Monaehos
720 2467 936 2501 collationem
945 2490 955 2500 .

135 2516 186 2555 18.
214 2519 405 2557 Can.XV.
432 2520 596 2556 Clericus
607 2519 653 2555 ab
679 2519 739 2556 boc
761 2518 928 2568 deinceps
954 2531 1106 2571 tempore

82 2569 123 2605 in
136 2568 279 2606 duabus
295 2567 431 2613 Ecclesi'
433 2572 466 2607 is
475 2581 538 2606 non
548 2569 751 2606 collocetur:
770 2567 831 2604 hoc
846 2571 937 2605 enim
947 2569 998 2617 est
1009 2583 1107 2620 nego·
1124 2612 1131 2617 k

25 2619 33 2661 ζ
59 2655 62 2657 μ
84 2619 250 2655 tiationis
265 2619 306 2662 ὁ·
318 2622 435 2668 turpis
450 2619 539 2656 lucri
549 2620 730 2668 proprium
747 2643 758 2663 ‚
770 2620 810 2660 (θ’
824 2617 870 2654 ab
886 2618 1106 2668 Ecclefiafli-

25 2663 36 2715 ἶ,
82 2676 131 2703 ca
146 2665 390 2714 consuetudine
405 2669 559 2706 alienum
569 2695 578 2706 .
600 2668 662 2706 Ab
674 2666 753 2717 ipsa
761 2669 851 2704 enim
865 2667 1010 2707 Domini
1020 2684 1103 2708 voce

24 2729 30 2732 ·
81 2716 293 2755 andivimus
309 2744 323 2764 ‚
348 2733 413 2756 non
442 2718 534 2767 poffe
560 2722 762 2768 quempiam
790 2716 943 2756 dominis
966 2720 1102 2757 duobus

41 2772 48 2780 '
76 2764 218 2812 servire
232 2781 250 2815 ;
275 2766 337 2806 vel
346 2771 436 2806 enim
455 2781 559 2805 unum
582 2767 661 2805 odio
683 2766 828 2805 babebit
844 2793 856 2813 ‚
883 2770 924 2811 ὅ
949 2769 1102 2808 alterum

66 2814 233 2864 *diligen
253 2817 314 2854 vel
324 2831 427 2855 unum
435 2815 616 2865 sustinebit
638 2843 650 2862 ,
676 2817 716 2860 ὡ*
730 2815 881 2854 alterum
895 2830 1088 2858 contemnet

71 2863 330 2916 Unusquisque
344 2880 421 2915 ergo
437 2868 453 2913 (
466 2877 503 2903 ut
514 2879 584 2904 vox
603 2866 658 2915 cst
673 2864 899 2915 Apostolica)
914 2870 950 2904 in
973 2882 1010 2906 eo
1026 2896 1037 2915 ‚
1064 2873 1100 2907 in

76 2915 147 2964 q'uo
156 2926 305 2954 vocatus
319 2916 370 2964 est
387 2943 398 2963 ,
426 2917 530 2954 debet
549 2929 689 2954 manere
703 2941 715 2962 ,
742 2917 827 2959 &in
842 2930 911 2953 una
939 2917 1100 2965 Ecclesia

76 2962 231 3011 affidere
240 2994 248 3004 .
265 2967 357 3021 Qae
366 2969 455 3004 enim
463 2978 605 3015 propter
617 2977 717 3014 turpe
731 2965 863 3003 lucrum
870 2965 961 3013 fiunt
977 2972 1012 3006 in
1024 2969 1096 3006 Ec-

75 3011 280 3058 clesiasticis
294 3018 440 3064 negotijs
460 3042 472 3061 ,
487 3029 531 3052 ea
546 3018 572 3053 ὰ
587 3014 707 3053 DEO
717 3013 799 3063 sunt
812 3016 940 3053 aliena.
961 3017 1026 3055 Ad
1037 3019 1100 3056 hu-

63 3065 138 3111 jus
147 3074 266 3102 autem
280 3077 364 3103 vstae
373 3065 470 3113 usum
482 3064 559 3112 sun't
571 3063 720 3113 diversa
733 3062 852 3110 [ludia
868 3094 875 3101 .
905 3067 969 3104 Ex
979 3069 1026 3115 ijs
1044 3081 1099 3105 er-

32 3149 48 3172 ·.
70 3153 72 3155 ,
78 3126 125 3161 go
131 3111 166 3157 fi
179 3116 260 3163 quis
272 3115 363 3153 velit
376 3129 422 3153 ea
435 3127 510 3164 quae
519 3114 606 3163 sunt
621 3117 752 3164 corpori
766 3116 823 3152 ad
831 3113 932 3164 usum
947 3118 1062 3164 neceff
1057 3132 1100 3154 a·

32 3262 63 3303 ’ἰ
78 3275 178 3300 meae.

21 3323 26 3350 l

21 3762 29 3774 ἡ
24 3567 30 3725 ὰᾼᾼμψ
19 3532 21 3537 .

35 3165 137 3199 ‘ria
154 3189 167 3209 ‚
191 3174 381 3212 comparet.
406 3166 522 3204 Dixit
537 3167 627 3202 enim
647 3162 829 3214 Apostolus
845 3192 858 3211 ‚
884 3164 960 3213 usui
989 3180 1063 3204 meo
1083 3194 1095 3214 ‚

45 3211 120 3260 ξύ·
136 3215 184 3261 ijs
237 3216 276 3252 ui
297 3227 427 3252 meeum
440 3214 523 3262 sunt
543 3241 556 3260 ,
574 3212 927 3260 ¹subministraverunt
944 3242 947 3245 -
965 3230 1094 3255 manus

247 3275 260 3301 t
275 3263 338 3303 boc
356 3265 502 3314 quidem
515 3267 550 3301 in
565 3265 633 3302 bac
642 3261 816 3309 custodita
830 3267 857 3302 ὰ
877 3265 956 3305 Deo
967 3268 1097 3304 civita-

44 3306 114 3354 'We
128 3339 137 3349 .
166 3313 212 3349 In
227 3316 275 3361 ijs
286 3324 407 3352 autem
420 3327 494 3363 quae
504 3325 610 3352 extra
619 3314 706 3362 sunt
721 3313 810 3352 locis
818 3339 831 3361 ,
838 3326 981 3366 propter
994 3317 1101 3354 homi-

17 3411 19 3414 ⁴
40 3360 156 3423 ,iatum
166 3364 321 3415 inopiam
333 3366 572 3412 permittatur
586 3394 594 3403 .

118 3438 272 3475 Refertur
286 3440 307 3474 a
316 3439 529 3489 Gratianoss.
537 3439 684 3476 Clericus
693 3465 704 3482 ,
727 3451 777 3475 21.
787 3451 850 3483 q.1.
861 3439 923 3474 hoc
933 3439 1022 3476 idem
1030 3440 1101 3477 san.

75 3480 196 3516 eiverat
212 3482 487 3516 Chalcedonensis
503 3482 632 3524 Synodi
650 3495 720 3517 can.
742 3493 789 3516 10.
808 3481 1000 3516 interdicens
1019 3507 1030 3523 ,
1059 3496 1101 3519 ne

75 3523 250 3566 quisquam
268 3523 402 3557 clericus
420 3525 560 3557 duarum
585 3523 758 3560 civitatum
777 3523 924 3558 Eccleliis
941 3524 1101 3560 adscriba-

75 3572 146 3598 tur.
168 3565 242 3598 Pari
259 3565 391 3599 ratione
409 3574 537 3598 cavetur
554 3565 587 3598 in
598 3565 756 3602 Concilio
775 3565 953 3609 Agathenfi
970 3577 1038 3600 can.
1050 3577 1099 3610 57.

66 3605 154 3639 -&in
164 3604 347 3647 Epaonensi
363 3617 433 3640 can.
442 3617 473 3647 9.
495 3609 529 3640 &
541 3605 574 3638 in
592 3606 954 3653 generaliLateranensi
973 3607 1100 3643 1V.sub

75 3645 273 3682 Innocentio
289 3649 351 3683 111.
361 3659 431 3684 can.
441 3659 490 3689 29.
501 3647 535 3681 in
544 3647 747 3683 Tridentino
766 3647 982 3695 sesll6.cap.4·
993 3653 1028 3685 δε
1038 3649 1102 3687 sess'.

1165 389 1216 419 ²4·
1226 388 1304 420 c.17.
1324 387 1455 414 necnon
1472 377 1506 410 in
1525 388 1552 424 ς.
1562 388 1666 413 unum
1675 377 1859 417 Abbatem,
1882 388 1936 414 211
1950 390 1980 421 p.
1991 388 2019 413 1.
2039 390 2081 415 ne
2098 393 2184 417 unus

1165 420 1288 454 duabus
1298 420 1446 455 Ecciefiis
1461 420 1619 462 clericus,
1638 423 1720 455 &ne
1737 430 1819 453 unus
1837 420 1965 455 duobus
1974 421 2185 458 Monasteriis

1164 462 1354 504 praeficiatur
1364 460 1554 508 Abbas.Jus
1572 471 1705 506 quoque
1714 460 1812 495 civile
1820 471 1891 508 non
1899 462 2056 503 permittit
2073 465 2189 507 dupli-'

1165 514 1236 537 cem
1247 504 1279 538 in
1298 515 1366 539 uno
1377 503 1551 541 militiam,
1573 505 1626 538 seu
1644 501 1768 536 duobus
1785 511 1892 537 meriti
1901 502 2044 546 cingulis
2054 515 2110 544 aust
2126 506 2184 539 sti..

1166 545 1311 587 pendiis,
1333 543 1581 586 l.hisquidem,
1603 543 1643 576 C.
1653 544 1710 585 qui
1729 543 1874 578 militare
1889 555 1959 588 non=
1979 545 2045 587 pol]
2065 546 2182 582 nnn.

1165 585 1217 633 sed
1237 587 1318 620 hanc
1326 598 1365 622 cx
1384 597 1416 621 re
1436 594 1515 621 nata
1535 585 1751 628 quaestionem
1766 585 1866 627 paulo
1885 586 2057 623 dilucidius
2079 587 2185 640 discu-

1164 636 1301 662 tianius.

1206 680 1253 711 19.
1272 670 1452 704 Canonum
1472 667 1565 715 periti
1576 667 1739 715 duplicem
1755 677 1875 716 norunt
1885 669 2031 710 plurium
2040 670 2184 711 praeben-

1162 712 1276 746 darum
1285 710 1338 745 seu
1356 711 1589 745 beneficiorum
1607 710 1951 753 incompatibilitatem
1967 722 1980 749 ,·
2010 711 2106 752 primi
2125 712 2185 746 sci-

1161 752 1239 799 licet
1256 753 1400 796 generis,
1424 749 1616 799 &secundh
1638 751 1935 798 incompatibilitas
1962 752 2059 794 primi
2083 763 2184 826 {ene-

1160 805 1204 827 ris
1219 806 1257 829 ea
1273 795 1338 834 est,
1360 804 1397 829 ut
1415 794 1556 829 secundo
1574 803 1628 839 per
1646 794 1812 839 pacificam
1852 793 2086 829 ossessionemo
2109 802 2183 829 teri-

1160 843 1197 872 to
1215 835 1391 875 beneficio,
1413 834 1556 877 primum
1572 835 1679 881 reipsa·
1698 844 1791 881 yacet
1848 835 1950 875 atim,
1972 846 1998 869 c.
2017 836 2058 869 de
2073 836 2183 869 multa

1161 879 1201 910 de
1218 877 1398 919 praebem&
1407 885 1528 911 extrav,
1537 875 1744 916 execrabilis,
1766 878 1841 909 eod.
1858 876 1910 910 tit.
1924 877 1962 910 in
1980 877 2185 910 communib.

1161 921 1195 952 δε
1214 930 1241 952 c.
1252 919 1380 959 literas,
1403 920 1447 952 de
1460 917 1595 951 conceff.
1605 917 1902 958 praeben.&c.cum
1920 918 1953 952 in
1971 917 2096 953 cunfitis
2112 929 2144 959 7.
2153 920 2186 959 §-

1161 959 1236 993 cum
1255 960 1353 1000 vero,
1376 962 1416 994 de
1433 958 1571 994 elthio.
1593 959 1730 992 Secundi
1747 959 1872 1007 generis
1889 959 2001 996 incom
2025 959 2183 994 atibilitas

1159 1012 1197 1036 ea
1213 1002 1278 1041 est,
1299 1013 1363 1044 qua
1379 1002 1473 1036 fimul
1491 1010 1653 1047 nequeant
1671 1000 1872 1047 licite-plura
1888 1001 1991 1034 teneri
2030 1000 2181 1047 epeficia,

1159 1042 1218 1079 nisi
1235 1045 1365 1079 accedat
1384 1042 1588 1089 rationabilis
1605 1039 1806 1083 dispensatio
1819 1042 1997 1084 Superioris
2015 1065 2026 1082 ‚
2049 1044 2082 1075 id
2100 1042 2146 1075 est
2165 1065 2179 1082 ,

1158 1095 1233 1126 quae
1250 1085 1330 1124 iusta
1346 1084 1441 1122 caula
1461 1092 1585 1117 nitatur
1596 1096 1606 1115 .·
1628 1094 1687 1117 nec
1704 1084 1780 1119 ideo
1795 1092 1908 1118 tamen
1926 1092 2043 1117 vacant
2071 1083 2181 1125 priora

1159 1125 1313 1159 beneficia
1332 1137 1386 1168 per
1403 1124 1589 1170 posterioris
1604 1125 1834 1166 adeptionem,
1856 1125 2006 1167 quamvis
2014 1125 2109 1161 nulla
2118 1124 2187 1158 fue..

1161 1167 1203 1201 rit
1221 1167 1393 1210 impetrata
1411 1165 1606 1209 dispensatio
1624 1178 1634 1206 ;
1664 1170 1698 1200 &
1720 1175 1872 1214 praeterea
1897 1168 2018 1202 horum
2043 1167 2186 1202 alterum

1183 1209 1256 1243 offic
1273 1221 1452 1252 congruum
1470 1207 1594 1241 vietum
1615 1207 1745 1249 proviso
1763 1207 1986 1254 suppeditare.
2005 1207 2139 1244 Etenim
2160 1207 2184 1243 fi

1173 1252 1285 1293 iugula
1310 1262 1379 1284 non
1406 1248 1566 1284 sufficiant
1593 1249 1735 1295 lionestae
1764 1249 1989 1295 sustentationi
2007 1272 2019 1289 ‚
2051 1248 2181 1291 possunt

1161 1294 1229 1329 duo
1247 1292 1402 1335 simplicia
1419 1289 1573 1338 beneficia
1592 1288 1680 1337 licite
1696 1291 1774 1327 citra
1792 1291 2067 1332 dispensationem
2085 1290 2184 1332 poffi-

1161 1334 1251 1373 deri,
1272 1335 1360 1375 juxta
1379 1333 1461 1366 istud
1472 1333 1710 1367 Tridentinum
1728 1333 1895 1367 decretum
1912 1332 1977 1365 sess.
1987 1343 2036 1372 24.
2047 1342 2116 1372 cap.
2137 1342 2186 1372 17.

1161 1378 1281 1408 Statuit
1288 1375 1399 1417 ‚sanila
1408 1376 1559 1419 synodus,
1580 1382 1617 1406 ut
1632 1373 1823 1415 imposterum
1839 1385 1938 1417 unum
1955 1381 2080 1406 tantum
2100 1373 2189 1406 bem-

1155 1418 1263 1458 ficium
1276 1417 1401 1460 singulis
1418 1417 1592 1456 conferatur
1603 1427 1614 1448 .·
1635 1416 1713 1456 quod
1731 1416 1853 1456 quidem
1860 1414 1898 1488 CI
1918 1416 1957 1447 aa
1975 1418 2080 1447 vitam
2098 1414 2187 1449 bone-

1155 1458 1200 1500 [ὶὲ
1203 1458 1436 1498 sustentandam
1445 1468 1505 1491 non
1513 1457 1666 1498 sufficiat,
1674 1459 1765 1492 liceat
1773 1458 1866 1489 nihilo
1899 1455 2097 1497 inissaliquod
2108 1455 2189 1497 sim-

1158 1503 1233 1541 plex
1241 1499 1416 1538 beneficium
1426 1521 1437 1538 ,
1457 1499 1618 1531 dummodo
1625 1507 1792 1539 utrumque
1798 1494 2190 1544 personalemjrefidentiam

1161 1553 1222 1574 non
1241 1544 1402 1581 requirat,
1424 1541 1520 1573 eidem
1538 1540 1681 1585 conferre
1693 1559 1706 1584 «-
1730 1541 1842 1580 Atque
1861 1539 1919 1572 iste
1935 1539 2000 1585 ipse
2017 1549 2188 1583 quemex-

1184 1581 1316 1615 onimus
1332 1582 1490 1617 Nicaenus
1514 1590 1623 1613 canon
1650 1580 1764 1613 diserte
1780 1591 1818 1613 ea
1845 1581 1885 1614 de
1902 1580 1997 1615 caula
2023 1588 2111 1612 extra
2129 1589 2184 1612 ur·-

1160 1593 1236 1657 Bem
1245 1623 1454 1665 Imperialem
1472 1622 1557 1664 posse
1576 1620 1721 1662 pluribus
1731 1620 1880 1655 Eccleffis
1898 1620 2065 1654 Clericum
2081 1631 2187 1655 unum

1160 1664 1272 1698 addici
1291 1667 1405 1698 docet.
1425 1662 1721 1705 Constantinopoli
1746 1662 1863 1704 quippe
1880 1661 2009 1695 facilius
2029 1662 2089 1708 esse
2106 1661 2187 1695 Cle-

1161 1705 1236 1739 ricis
1252 1705 1330 1739 citra
1348 1704 1495 1748 plurium
1510 1703 1756 1748 praebendarurn
1775 1703 1996 1745 poffeffionem
2012 1712 2118 1750 vitam
2125 1703 2189 1738 ho-

1160 1745 1247 1781 neste
1266 1747 1350 1780 tueri
1369 1770 1381 1786 ,
1409 1746 1474 1780 five
1487 1769 1502 1787 ,
1531 1754 1568 1780 ut
1585 1745 1728 1784 indicat,
1749 1747 1836 1787 apud
1854 1755 2022 1790 procerum
2039 1744 2185 1780 familias

1159 1788 1247 1822 sacra
1266 1788 1443 1822 ministeria
1464 1786 1558 1833 domi
1575 1811 1586 1829 ,
1618 1789 1671 1821 vel
1699 1787 1732 1820 in
1759 1797 1837 1829 agro
1863 1797 1900 1819 ex
1919 1785 2070 1833 Episcopi
2087 1786 2186 1833 venia

1158 1830 1353 1864 celebrando
1373 1841 1383 1869 3
1413 1829 1475 1863 sive
1500 1827 1650 1864 filiorum
1675 1837 1732 1861 aut
1756 1827 1959 1861 famulorum
1986 1827 2185 1862 institutioni

1158 1880 1231 1904 tum
1250 1873 1290 1904 ad
1309 1870 1411 1905 bonas
1429 1870 1560 1910 literas,
1581 1879 1654 1904 turn
1670 1871 1711 1903 ad
1729 1868 1884 1911 pietatem
1908 1880 2043 1911 operam
2061 1880 2189 1903 navan-

1159 1914 1204 1946 do
1223 1935 1234 1952 ‚
1264 1912 1396 1946 exclusis
1421 1920 1534 1945 tamen
1561 1911 1705 1946 omnino
1732 1911 1933 1945 saecularibus
1955 1909 2149 1952 praefecturis
2171 1935 2183 1950 ,

1158 1962 1216 1986 aut
1235 1953 1410 1987 vilioribus
1428 1952 1612 1994 obsequiis3
1633 1952 1695 1986 sive
1714 1953 1848 1987 demum
1866 1962 1923 1986 aut
1940 1952 2069 1993 publice
2086 1976 2097 1991 ‚
2127 1962 2185 1988 aut

1180 1994 1313 2028 rivatim
1336 1994 1484 2028 honestas
1503 1993 1696 2028 icientias&
1708 1994 1894 2036 disciplinas
1910 1996 2080 2028 edocendo
2093 2006 2106 2034 3
2120 1994 2189 2029 sive

1156 2005 1386 2082 {senodochiis
1405 2034 1546 2082 aliudue
1565 2036 1626 2082 piis
1654 2035 1805 2081 domibus
1824 2059 1834 2075 ‚
1864 2044 1921 2069 aut
1942 2035 2042 2069 etiam
2061 2036 2190 2070 Sanffl-

1156 2077 1358 2111 monialium
1384 2076 1545 2111 coenobiis
1574 2078 1696 2113 sacram
1716 2076 1943 2111 Praeieeturam
1970 2079 2149 2112 exercendo
2172 2091 2187 2111 .-

1153 2118 1217 2151 ssve
1235 2119 1375 2166 deiiique
1385 2118 1584 2160 Apostolico
1594 2118 1690 2152 Pauli
1705 2120 1857 2162 exemplo
1876 2118 2014 2161 propriis
2033 2118 2186 2153 manibus

1155 2159 1288 2194 honeste
1308 2160 1512 2194 laborando.

1171 2241 1180 2247 ⁰
1194 2211 1246 2234 20.
1266 2201 1316 2236 At
1334 2201 1412 2235 vero
1430 2203 1473 2235 ad
1490 2200 1587 2243 primi
1603 2202 1728 2244 generis
1745 2201 2090 2245 incompatibilitatem
2109 2215 2181 2245 per-

1154 2251 1263 2276 tinent
1282 2244 1353 2277 duae
1374 2243 1470 2276 simul
1487 2243 1660 2286 dignitates
1678 2267 1689 2283 ,
1711 2253 1749 2278 ut
1768 2246 1835 2278 duo
1856 2245 1975 2286 Episco
1999 2255 2088 2281 atus,
2111 2248 2178 2279 duo

1152 2282 1365 2322 Decanatus‚
1385 2293 1443 2317 aut
1460 2296 1545 2318 unus
1554 2284 1744 2319 Decanatus
1766 2297 1841 2319 cum
1852 2286 1964 2325 Praepo
1979 2296 2061 2319 itura
2070 2285 2179 2326 sunni,

1152 2325 1203 2357 vel
1222 2335 1299 2358 curn
1316 2325 1617 2359 Archidiaconatu.
1639 2327 1724 2360 Item
1743 2327 1848 2367 plures
1867 2327 2052 2368 Parochiae,
2066 2328 2183 2362 aliave

1152 2375 1262 2411 curata
1270 2366 1459 2399 Sacerdotia
1468 2391 1476 2398 .
1500 2367 1656 2400 Praeterea
1666 2368 1771 2408 plures
1780 2369 1814 2401 in
1831 2370 1948 2401 eadem
1959 2368 2111 2403 Ecclesia·
2121 2370 2182 2406 ”sr-

1151 2407 1283 2440 ionatus
1293 2430 1304 2446 ‚
1325 2416 1381 2440 aut
1392 2407 1566 2449 dignitates
1575 2408 1675 2441 etiam
1684 2409 1763 2441 citra
1773 2421 1884 2442 curam
1893 2409 2080 2444 animarum
2090 2436 2098 2444 .
2146 2423 2182 2445 e-

1150 2448 1251 2494 nique
1269 2451 1376 2490 plures
1394 2447 1452 2481 sub
1469 2450 1589 2482 eodem
1606 2450 1695 2483 tecto
1714 2450 1895 2484 uniformes
1915 2452 2093 2493 praebendae
2106 2476 2116 2492 ‚
2139 2463 2175 2487 ut

1150 2489 1225 2523 sunt
1235 2491 1302 2534 duo
1311 2488 1538 2523 canonicatus
1546 2490 1758 2531 quantumvis
1777 2489 1936 2533 {implices
1947 2517 1957 2533 ‚
1978 2505 2003 2527 c.
2018 2494 2127 2527 literas
2140 2497 2179 2528 de

1150 2532 1278 2565 conces.
1293 2530 1430 2572 praeben.
1448 2531 1511 2565 Ista
1529 2540 1666 2574 quoque
1683 2533 1975 2575 incompatibilitas
1992 2536 2178 2570 extenditur

1150 2574 1192 2606 ad
1202 2572 1402 2615 Episcopum
1411 2596 1429 2619 ‚⁶
1445 2572 1502 2618 qui
1512 2573 1620 2619 statim
1629 2583 1728 2619 atquc
1737 2574 2013 2609 consecrationem
2024 2577 2157 2619 suscepit
2164 2601 2177 2617 ,

1149 2617 1184 2647 &
1194 2614 1358 2661 bonorum
1368 2614 1621 2655 Episcopalium
1639 2615 1745 2648 {ructu
1755 2618 1874 2658 gaudet
1884 2640 1896 2656 ,
1918 2621 2011 2659 (non
2022 2619 2111 2652 enim
2120 2619 2174 2653 hic

1146 2654 1300 2703 Episcopi
1318 2656 1639 2703 comprehenduntur
1656 2658 1743 2691 mere
1760 2658 1908 2692 titulares
1920 2683 1930 2698 ,
1953 2659 2178 2702 &Episcopa-

1148 2698 1234 2730 lium
1252 2706 1471 2738 proventuum
1482 2707 1677 2739 proprietate
1694 2710 1763 2733 non
1775 2699 1995 2741 perfruentes)
2006 2713 2061 2735 aut
2071 2702 2174 2737 etiam

1146 2738 1258 2780 elapso
1274 2748 1420 2780 tempore
1438 2738 1702 2786 qUQd.C.²¹¹0!¹0⁵
1728 2740 1964 2786 consecrationi
1985 2742 2172 2785 Episcopali

1146 2780 1371 2822 praefixerunt‚
1393 2789 1516 2813 amittit
1534 2781 1628 2814 illico
1647 2792 1715 2821 jure
1735 2782 1803 2823 ipso
1824 2806 1834 2821 ‚
1864 2794 2067 2829 quaecunquc
2084 2785 2172 2825 prius

1145 2821 1303 2860 habebat,
1324 2821 1480 2854 beneficia
1500 2845 1510 2861 ,
1531 2821 1588 2854 nifi
1607 2823 1809 2869 Apostolicae
1829 2823 2066 2864 dispensatione
2084 2826 2175 2860 Sedis

1143 2862 1242 2896 fuerit
1260 2863 1490 2904 praemunitus,
1513 2863 1623 2895 acum
1645 2874 1677 2896 in
1697 2864 1820 2897 cunctis
1838 2865 1992 2905 7.§.ciim
2011 2867 2109 2911 vero,
2133 2869 2177 2903 de

1143 2904 1284 2951 elefitio.
1307 2903 1399 2950 Sedfi
1410 2914 1529 2945 pauper
1538 2903 1573 2937 sit
1585 2903 1763 2949 Episcopus
1774 2929 1783 2944 ‚
1805 2906 1923 2946 poterit
1944 2906 1973 2939 ei
1985 2908 2090 2942 adhuc
2099 2911 2172 2950 post

1143 2948 1422 2979 consecrationem
1431 2945 1563 2986 simplex
1573 2947 1708 2986 aliquod
1718 2946 1855 2980 conferri
1869 2947 2062 2985 beneficium
2072 2974 2080 2982 .
2098 2951 2171 2984 Ta..

1144 2987 1234 3021 metsi
1245 2987 1335 3020 enim
1343 2995 1417 3027 quae
1428 2985 1515 3034 prius
1525 2996 1672 3032 tenuerat
1683 3011 1693 3026 ‚
1718 2988 1846 3021 amittat
1858 3012 1866 3027 ,
1878 3000 1945 3022 non
1956 2990 1999 3023 est
2009 3000 2117 3024 tamen
2127 2995 2171 3026 ad

1145 3028 1322 3071 posteriora
1332 3027 1489 3068 simplicia
1501 3027 1653 3060 inhabilis
1663 3051 1673 3067 ‚
1696 3038 1732 3061 ut
1742 3031 1861 3063 docent
1871 3029 2035 3065 Martinus
2044 3033 2177 3068 Navar-

1147 3082 1182 3104 ra
1193 3093 1203 3109 ‚
1226 3069 1348 3114 Leffius
1358 3091 1369 3108 ,
1390 3070 1511 3116 aliique
1522 3069 1757 3115 communiter.
1780 3071 1854 3105 Nec
1862 3071 1992 3105 tantum
2010 3073 2093 3108 circa
2104 3087 2177 3120 pre-

1148 3111 1236 3145 dieta
1246 3114 1386 3143 versatur
1403 3121 1508 3156 prima
1529 3112 1588 3143 illa
1607 3110 1838 3145 beneficiorum
1859 3112 2172 3158 incompatibilitas,

1146 3153 1303 3198 inducens
1313 3151 1381 3198 ipso
1390 3151 1480 3198 insto
1491 3151 1615 3198 pristini
1626 3164 1694 3198 quo
1703 3153 1776 3194 quis
1795 3152 1899 3187 fuerat
1918 3156 2065 3195 provisus
2076 3157 2174 3192 bene-

1146 3194 1213 3228 ficii
1224 3202 1427 3227 vacationem
1438 3207 1449 3233 5
1458 3195 1510 3227 led
1520 3202 1620 3226 etiam
1630 3204 1714 3227 circa
1724 3195 1884 3229 Curatum
1893 3195 2085 3232 beneficium
2095 3211 2171 3234 cum

1145 3235 1220 3268 aliis
1230 3233 1321 3267 fimul
1333 3257 1343 3273 ,
1365 3245 1437 3276 quae
1447 3233 1598 3276 quamvis
1607 3234 1761 3276 simplicia
1779 3235 1860 3275 sint,
1884 3237 2037 3272 residendi
2055 3250 2169 3276 tamen

1144 3275 1386 3323 obligationem
1409 3286 1570 3309 annexam
1587 3276 1706 3309 habent
1722 3289 1736 3315 ς
1762 3278 1875 3318 qualia
1900 3279 1972 3314 sunt
1990 3292 2062 3322 quae
2083 3283 2170 3319 iuris-

1146 3319 1327 3351 dictionem
1337 3327 1499 3350 annexam
1517 3317 1655 3356 habent,
1678 3321 1729 3351 vel
1740 3319 1897 3359 chorum,
1919 3330 1953 3362 ut
1973 3322 2045 3356 sunt
2054 3323 2170 3359 Cano-

1145 3360 1272 3393 nicatus
1282 3381 1292 3397 ,
1315 3358 1373 3391 nisi
1384 3358 1432 3392 his
1442 3358 1535 3392 unita
1545 3359 1580 3391 sit
1589 3368 1661 3391 cura
1672 3383 1682 3399 ,
1705 3371 1759 3401 per
1770 3360 1942 3396 vicarium
1952 3362 1991 3396 ab
2003 3364 2166 3408 Episcopo

1148 3401 1365 3443 approbatum
1375 3400 1587 3434 &titulatum
1596 3403 1771 3436 exercenda
1781 3425 1789 3434 .
1811 3402 2039 3439 Veruntamen
2058 3406 2079 3440 si
2089 3419 2170 3441 con-

1146 3443 1252 3485 tingat
1262 3463 1272 3479 ‚
1284 3441 1450 3474 Curatum
1471 3441 1667 3487 beneficium
1686 3441 1824 3477 minime
1842 3443 1984 3479 sufficere
1994 3450 2035 3480 ad
2046 3459 2168 3483 conve-

1147 3483 1366 3520 nientemeius
1376 3482 1588 3528 quiprovilus
1597 3482 1680 3522 fuit,
1703 3484 1967 3521 sustentationem
1987 3511 1998 3527 ,
2027 3491 2168 3530 potesta..

1145 3535 1213 3559 tem
1223 3523 1317 3570 habet
1327 3525 1470 3570 collator
1479 3524 1596 3564 absque
1605 3524 1671 3558 alia
1682 3524 1918 3567 dispensatione
1928 3528 2113 3563 conferendi
2124 3531 2167 3570 ei,

1145 3566 1203 3614 qui
1221 3565 1364 3612 provisus
1382 3566 1428 3598 est
1445 3589 1456 3604 ,
1487 3565 1619 3612 simplex
1645 3566 1781 3614 aliquod
1809 3568 2002 3603 beneficium
2028 3571 2167 3605 residen-

1144 3618 1199 3642 tiae
1217 3618 1287 3640 non
1296 3607 1490 3652 alligatum,
1513 3616 1600 3646 juxta
1610 3608 1843 3643 Tridentinam
1862 3612 2087 3645 definitionem
2099 3611 2164 3645 [eff.

1147 3661 1197 3692 24.
1227 3659 1297 3690 cap.
1328 3658 1376 3691 17.
1405 3649 1571 3690 Sapienter
1601 3649 1678 3684 vero
1708 3652 1803 3726 ἀοῗῑ
1833 3653 2010 3728 AngeliciX
2031 3652 2164 3699 Dei-‘tor

2012 3704 2125 3736 quina-
