2462 3938
1011 344 1258 355 ιιιιιιι

1934 645 1958 668 4,
1990 657 2021 683 ΜΓ
2043 656 2082 678 ‘¹⁴7¹'
2103 654 2135 674 1.,,1

197 777 1163 889 BENEVOLO
1278 776 2128 873 Lemoni-„-

116 961 272 982 ¹-0--..—..-=-.
287 968 368 973 ⁴-—

372 971 383 993 ἴ
428 968 479 1004 ῑῖ
509 959 549 1002 T
573 959 646 1002 tibi
662 985 679 1011 9
710 959 948 1005 dileffislime
974 961 1151 1010 LetStor9
1180 961 1300 1003 nostri
1327 959 1438 1010 hujus
1467 960 1631 1003 instituti
1657 959 1763 1000 ratio
1787 959 1969 1009 constet,
2003 975 2163 1012 praemo·

464 1040 474 1055 ·.
521 1014 696 1057 nendum
722 1027 764 1056 te
789 1015 883 1056 duxi
901 1039 919 1064 9
945 1022 1046 1064 eos-9
1073 1018 1141 1067 qui
1169 1013 1262 1055 mihi
1291 1018 1403 1064 Opus
1430 1013 1527 1055 istud
1555 1015 1757 1062 injunxere
1773 1038 1787 1057 ‚
1812 1014 1852 1052 in
1880 1012 1983 1058 hunc
2006 1013 2160 1063 scopum

421 1115 425 1118 ,
450 1104 475 1118 „.
516 1064 724 1112 intendisse
740 1091 758 1117 9
792 1081 838 1110 ut
865 1070 907 1109 in
936 1066 1011 1111 hac
1039 1067 1170 1108 nostra
1197 1066 1474 1109 lucubratione
1499 1065 1655 1108 facilior
1680 1065 1832 1106 cund'cis
1858 1069 2067 1114 aperiretur
2083 1067 2163 1107 adi-

515 1131 578 1163 tus
613 1118 666 1161 ad
699 1119 950 1164 necessariam
986 1118 1339 1163 Ecclefiasticarum
1371 1134 1499 1161 rerum
1525 1120 1711 1160 notitiam
1737 1142 1753 1164 9
1789 1120 1886 1157 citra
1915 1116 2160 1170 usqueadeo

517 1171 715 1224 prolixam
752 1185 973 1224 temporum
1012 1174 1309 1214 diuturnitatem
1329 1198 1345 1220 9
1379 1174 1420 1215 &
1446 1175 1643 1223 graviores
1661 1196 1676 1219 9
1713 1182 1832 1220 quam
1860 1171 2038 1220 permulti
2063 1169 2161 1212 ferre

399 1251 418 1259 -·
452 1261 469 1282 =;
514 1224 658 1276 Poffint
678 1252 696 1278 9
721 1228 763 1268 in
789 1225 1065 1276 comparandis
1087 1225 1219 1266 multis
1247 1224 1511 1266 voluminibus
1538 1221 1725 1273 impensas
1750 1220 2022 1272 assequendam
2037 1239 2050 1268 ·‚
2078 1235 2161 1263 tum

457 1285 467 1334 ¹]
513 1281 557 1322 in
584 1277 646 1322 his
672 1292 760 1334 quae
786 1279 837 1322 ad
864 1278 1064 1322 historiam
1091 1276 1264 1321 Ecclesia·
1284 1303 1299 1324 9
1327 1291 1410 1319 tum
1437 1279 1478 1318 in
1506 1276 1583 1320 illis
1605 1290 1693 1328 quae
1720 1275 1771 1317 ad
1797 1275 2029 1316 §auctiones
2054 1276 2166 1318 con.

512 1329 697 1376 ciliorum
723 1328 990 1383 perdiscendas
1014 1331 1189 1375 attinent
1212 1357 1224 1370 .
1258 1329 1445 1371 Praeclare
1472 1328 1531 1371 illi
1587 1329 1715 1371 uidem
1741 1346 1754 1367 .·
1783 1326 1831 1367 fic
1858 1330 1964 1368 enim
1992 1329 2161 1369 innume.

84 1432 90 1440 ,
219 1433 227 1437 ,
512 1398 558 1428 ra.
582 1398 836 1430 removentur
862 1384 1145 1434 impedimenta
1167 1410 1182 1429 ‚
1216 1395 1302 1435 quae
1328 1385 1551 1423 innumeros
1608 1384 1758 1422 omines
1786 1380 1836 1419 ab
1863 1378 1923 1420 his
1951 1376 2165 1429 perdiscen-

83 1431 311 1489 disarcent'
344 1441 395 1481 'ac
428 1435 628 1481 deterrent
649 1467 662 1480 .
693 1439 743 1482 In
775 1440 907 1489 primis
940 1439 1045 1480 enim
1082 1439 1289 1479 innumera
1317 1434 1503 1487 leguntur
1531 1437 1574 1476 in
1602 1431 1880 1476 Conciliorum
1915 1432 2163 1474 collectioni-

82 1484 163 1530 bus
177 1511 196 1538 9
232 1501 321 1544 quae
342 1493 422 1540 jam
446 1489 501 1533 ad
523 1488 750 1535 immensam
775 1504 982 1535 excrevere
1007 1488 1154 1531 molem
1177 1489 1351 1532 Decreta
1374 1513 1391 1537 9
1418 1500 1505 1540 quae
1528 1485 1734 1539 plusquam
1752 1488 1898 1527 centies
1925 1486 1943 1531 (
1966 1488 2063 1525 citra
2081 1498 2164 1524 om-

82 1553 180 1583 nem
205 1538 398 1586 excessum
423 1556 496 1587 aur
522 1542 783 1596 hyperbolem
809 1543 990 1599 loquor)
1014 1538 1176 1586 fuerunt
1202 1538 1369 1584 successu
1397 1553 1618 1591 temporum
1647 1542 1688 1581 in
1716 1536 1869 1580 diversis
1898 1535 2027 1587 pamm
2049 1539 2162 1580 Con-

79 1592 187 1636 ciliis
212 1598 379 1647 repetita
395 1625 407 1636 .
431 1595 669 1643 consultius
695 1610 832 1641 autem
855 1593 981 1639 visum
1007 1594 1063 1636 est
1082 1619 1100 1641 9
1126 1591 1160 1634 si
1181 1589 1303 1635 sexies
1324 1621 1338 1640 ‚
1363 1607 1435 1635 aut
1461 1593 1512 1634 ad
1539 1590 1729 1634 summum
1756 1589 1892 1640 septies
1920 1589 1981 1632 vel
2010 1590 2131 1632 octies
2148 1614 2162 1635 ,

78 1644 222 1689 eadem
255 1649 299 1691 in
336 1647 450 1700 hujus
487 1652 630 1702 Operis
655 1647 819 1695 decursu
843 1662 913 1700 per
938 1645 1200 1690 collationem
1227 1655 1408 1700 mutuam
1435 1657 1704 1693 repeterentur
1730 1658 1780 1682 ex
1804 1642 2083 1684 celebrioribus
2110 1657 2158 1684 ac

77 1696 259 1742 melioris
285 1713 396 1745 notae
420 1702 595 1754 synodis
610 1728 628 1754 9
653 1717 701 1746 ut
726 1705 769 1745 in
797 1711 1019 1751 temporum
1035 1691 1328 1738 successionibus
1351 1694 1537 1733 constans
1565 1697 1716 1733 adverti
1736 1693 1847 1739 poffit
1872 1692 2050 1736 Ecclefiae
2064 1695 2159 1734 San-

74 1750 154 1793 &ae
181 1751 285 1795 ordo
310 1766 360 1795 ae
387 1753 592 1805 disciplina
615 1780 633 1806 9
667 1768 740 1798 aut
766 1752 796 1796 fi
822 1752 919 1805 quid
952 1745 1173 1800 aliquando
1199 1746 1393 1788 variatum
1421 1742 1465 1786 fit
1486 1769 1505 1793 9
1538 1746 1641 1787 ratio
1666 1757 1737 1785 cur
1776 1746 1830 1784 ita
1857 1741 2004 1785 factum
2039 1744 2159 1789 fuerit

74 1801 309 1845 innotescat
328 1832 342 1846 .
367 1805 612 1847 consultum
638 1803 820 1875 praetereQ’
842 1801 919 1846 fuit
943 1798 1230 1853 permultorum
1256 1794 1510 1839 studiosorum
1540 1796 1746 1838 hominum
1774 1798 1916 1844 inopiae
1943 1811 1990 1837 ac
2017 1799 2156 1848 egesta-

76 1856 148 1900 ti,
179 1852 321 1902 quibus
345 1856 389 1892 δε
415 1854 598 1897 bonitate
624 1859 774 1911 ingenii
795 1881 814 1907 9
838 1857 882 1899 &
908 1850 1103 1897 laudabili
1147 1849 1353 1894 erdiscendi
1380 1846 1524 1893 affectu
1540 1848 1714 1892 subnixis
1731 1875 1748 1898 9
1778 1863 1872 1900 opes
1899 1852 2058 1892 minime
2075 1849 2161 1901 sup-

51 1933 54 1937 ·
75 1914 223 1956 petunt
248 1901 302 1943 ad
329 1903 598 1951 comparanda
626 1907 694 1946 fibi
723 1906 931 1944 numerosa
956 1907 998 1943 όι
1024 1866 1251 1950 amplissima
1277 1902 1538 1946 Historiarum
1563 1906 1604 1945 δι
1629 1902 1910 1946 Conciliorum
1929 1903 2132 1945 volumina
2149 1934 2167 1946 .

75 1956 168 2001 Nec
195 1953 290 1996 vero
320 1952 381 1995 his
408 1955 608 1998 duntaxat
634 1965 855 2007 eorumque
879 1954 1025 2003 inopiae
1050 1949 1278 1995 consultum
1302 1953 1377 1997 fuit
1394 1980 1410 2004 9
1437 1954 1501 1998 sed
1528 1954 1723 2007 provisum
1750 1969 1932 2006 praeterea
1958 1954 2031 1998 fuit
2061 1971 2157 1998 tem-

75 2019 221 2060 porum
247 2004 428 2057 impensis
446 2033 463 2056 9
490 2010 534 2049 in
562 2006 640 2050 illis
667 2004 878 2058 praesertim
903 2007 975 2058 qui
1000 2003 1089 2047 aliis
1115 2020 1189 2048 nec
1214 2008 1344 2059 exigui
1370 2012 1563 2051 momenti
1591 2007 1920 2058 occupationibus
1951 2011 1990 2056 &.
2018 2007 2154 2052 officiis

71 2059 313 2106 distineatur
333 2086 350 2105 ‚
375 2063 417 2102 δι
443 2064 500 2102 ita
529 2060 720 2105 brevitate
746 2057 816 2102 fibi
843 2056 1012 2103 conceffi
1038 2061 1228 2110 temporis
1253 2060 1487 2109 aristantur9
1515 2075 1559 2104 ut
1585 2060 1832 2114 longioribus
1859 2059 2085 2115 assiduisque
2103 2062 2158 2105 le-

71 2111 279 2157 &ionibus
300 2138 319 2163 9
352 2110 434 2155 fine
461 2110 688 2158 officiorum>
718 2111 876 2158 suorum
913 2123 1004 2155 tum
1030 2111 1278 2167 publicorum
1305 2126 1390 2154 tum
1416 2116 1662 2164 privatorum
1695 2114 1935 2158 detrimento
1957 2140 1974 2164 9
2010 2130 2155 2158 vacare

18 2196 20 2200 ·
72 2182 165 2210 non
191 2166 311 2208 liceat
328 2195 341 2208 .
374 2164 553 2208 Immensi
578 2166 702 2217 porro
728 2164 861 2209 solatii
888 2180 949 2209 res
974 2164 1029 2208 est
1053 2190 1072 2215 9
1108 2163 1136 2206 si
1162 2168 1250 2218 quis
1274 2168 1454 2216 peritiam
1481 2165 1786 2211 Ecclesiasticam
1805 2192 1822 2215 9
1858 2181 1908 2208 ex
1936 2169 2152 2211 innumeris

72 2217 252 2263 haustam
280 2231 511 2270 erutamque
537 2219 806 2262 voluminibus
826 2231 993 2275 ,atque
1018 2221 1061 2260 in
1088 2232 1210 2268 unum
1237 2220 1437 2263 redactam
1455 2245 1473 2269 9
1501 2218 1672 2263 nancisci
1695 2218 1810 2271 poffit
1839 2223 1954 2261 unius
1979 2226 2074 2262 anni
2097 2221 2153 2263 le-

72 2273 249 2324 stione,
273 2271 375 2314 nihil
401 2274 548 2314 caeteris
576 2274 618 2314 δε
645 2270 863 2315 necessariis
888 2271 1221 2322 occupationibus
1245 2271 1470 2322 demendo9
1498 2272 1561 2314 vel
1588 2272 1873 2323 praeiudicando
1891 2302 1903 2312 .
1936 2272 2053 2315 Hisce
2081 2274 2150 2315 ha-

71 2325 218 2369 stenus
244 2328 565 2368 commemoratis
591 2324 813 2367 commodis
838 2323 964 2366 altera
991 2338 1076 2365 non
1103 2323 1200 2365 levis
1227 2326 1379 2367 aceedit
1416 2325 1594 2370 utilitas,
1621 2324 1768 2366 scilicet
1795 2325 2148 2368 commodissimum

69 2381 277 2424 memoriae
302 2377 509 2420 subsidium
538 2406 550 2418 .
585 2378 670 2428 Qui
696 2380 800 2419 enim
826 2391 875 2418 ex
903 2390 967 2418 tot
994 2376 1241 2418 voluminum
1267 2378 1498 2420 evolutione
1515 2402 1533 2425 9
1568 2375 1808 2427 emensoque
1836 2376 2051 2418 multorum
2077 2394 2147 2420 an·

14 2462 19 2473 .
70 2446 224 2478 norum
250 2431 378 2473 studio
399 2456 417 2479 9
443 2429 548 2471 hanc
581 2429 652 2472 sibi
678 2434 858 2480 peritiam
883 2443 1112 2479 comparare
1140 2429 1238 2475 velit
1258 2455 1275 2480 9
1303 2429 1372 2471 nisi
1399 2428 1540 2480 aliquo
1567 2426 1730 2471 subinde
1755 2429 1964 2470 moderato
1990 2431 2144 2479 adjuve-

72 2497 145 2530 tur
169 2487 211 2526 &
236 2483 460 2526 sublevetur
484 2483 726 2532 compendio
753 2482 883 2524 labilis
908 2486 988 2531 ejus
1013 2483 1201 2524 memoria
1221 2510 1238 2534 9
1264 2481 1623 2525 illudinevitabile
1650 2484 1859 2534 continget
1885 2507 1903 2530 9
1940 2495 1985 2524 ut
2011 2498 2059 2524 ea
2088 2499 2144 2526 re-

72 2550 163 2582 tum
191 2551 289 2589 quas
317 2535 538 2579 recondidit
565 2534 820 2578 multitudine
847 2534 1026 2582 obruta,
1054 2536 1177 2575 multa
1207 2539 1248 2579 in
1275 2536 1357 2578 dies
1376 2548 1443 2584 per
1471 2534 1715 2576 oblivionem
1742 2533 1969 2581 dilabantur
1994 2538 2035 2578 &
2055 2551 2148 2578 eva,

73 2589 242 2633 nescant
269 2614 286 2639 9
320 2589 413 2631 dum
439 2586 662 2650 longissimo
688 2589 729 2630 δε
754 2584 917 2629 taedioso
943 2587 1070 2629 studio
1097 2601 1145 2628 ex
1174 2587 1384 2631 numerosis
1417 2590 1457 2629 &
1483 2586 1674 2629 immensis
1703 2588 1812 2630 libris
1838 2612 1855 2636 9
1889 2600 1993 2639 quos
2019 2604 2138 2630 nemo

70 2644 274 2694 perlegere
308 2653 429 2694 queat
468 2643 539 2684 nisi
575 2640 794 2682 multorum
821 2653 1019 2681 annorum
1045 2639 1204 2683 decursu
1230 2668 1247 2691 9
1286 2645 1509 2685 innumeras
1536 2654 1595 2682 res
1625 2652 1858 2682 coacervare
1892 2643 1933 2682 in
1959 2642 2136 2683 animum

70 2695 291 2739 contendit
316 2711 327 2734 ε
353 2691 483 2746 ficque
508 2696 552 2736 in
577 2693 708 2736 medio
730 2691 946 2734 studiorum
971 2689 1131 2734 decursu
1157 2693 1382 2747 priusquam
1409 2693 1459 2734 ad
1486 2692 1746 2742 prolixiorum
1775 2692 1990 2735 ledrionum
2017 2692 2143 2739 finem

73 2750 277 2801 pertingat
295 2771 312 2794 9
348 2759 436 2798 quae
460 2745 690 2797 jampridem
712 2743 885 2788 studiose
911 2744 1361 2796 perlegeratoblivione
1394 2745 1599 2788 deleantur
1625 2770 1642 2793 9
1675 2759 1748 2787 aut
1775 2748 1944 2788 invicem
1971 2744 2134 2788 confun.

71 2801 222 2846 dantur
247 2812 259 2841 ι
286 2801 329 2842 δε
355 2797 447 2840 cum
471 2798 524 2842 ad
550 2802 758 2842 terminum
787 2795 993 2851 longissimi
1019 2797 1133 2839 studii
1160 2802 1358 2852 pertigerit
1375 2824 1392 2848 9
1419 2798 1527 2840 haud
1552 2800 1714 2848 peritior
1740 2798 1880 2840 evadat
1909 2798 2031 2850 quam
2054 2797 2137 2839 fue·

74 2866 140 2897 tat
167 2854 285 2894 initio
312 2849 475 2904 suscepti
499 2850 680 2900 laboris9
708 2847 779 2893 nisi
802 2848 1147 2900 compendiosioris
1170 2851 1332 2902 alicujus
1359 2851 1571 2892 voluminis
1598 2848 1770 2901 praesidio
1787 2876 1803 2899 9
1833 2865 1917 2903 quae
1943 2851 2048 2892 brevi
2076 2852 2131 2892 di-

68 2902 229 2958 „lapsura
255 2917 371 2948 erant
395 2929 413 2953 9
446 2902 594 2947 firmius
617 2902 834 2956 infigantur
859 2929 878 2953 9
914 2917 987 2946 aut
1022 2917 1071 2945 ea
1097 2917 1185 2957 quae
1209 2906 1357 2948 dudum
1383 2907 1570 2945 memoria
1603 2904 1829 2945 exciderant
1857 2916 2083 2959 reparentur
2110 2931 2132 2955 9

65 2960 199 3010 'atque
225 2960 268 2999 in
294 2954 620 3001 reminiscentiam
646 2969 882 3000 revocentur
906 2982 919 2996 .
960 2956 1062 2999 Non
1088 2970 1222 3006 parum
1247 2961 1384 3009 itaque
1409 2956 1603 2999 conducet
1630 2956 1762 2997 nostra
1788 2956 1869 2999 haec
1902 2954 2128 2998 lucubratio

77 3012 127 3056 iis
146 3035 163 3059 9
199 3008 341 3062 quibus
366 3008 575 3060 ampliores
601 3008 854 3053 Bibliothecae
880 3009 1041 3051 minime
1066 3005 1277 3061 suppetunt
1307 3037 1319 3052 ·
1356 3013 1445 3053 Nec
1471 3022 1604 3050 tamen
1640 3007 1813 3050 studiosis
1854 3008 2081 3049 hominibus
2108 3035 2124 3058 9

112 3062 220 3104 uibus
245 3060 454 3113 suppetunt
476 3061 742 3113 instrufflores
775 3059 983 3114 multisque
1007 3061 1117 3105 libris
1150 3063 1298 3107 refertae
1322 3061 1576 3106 Bibliothecae
1605 3087 1621 3110 9
1658 3061 1787 3103 noster
1814 3061 1877 3102 hic
1905 3061 2019 3101 labor
2048 3059 2126 3102 fine

81 3116 215 3170 ,tuditi
231 3117 303 3157 erit
330 3132 343 3156 .·
369 3114 450 3158 im&
479 3115 571 3158 vero
598 3114 705 3158 haud
731 3129 868 3170 parum
893 3112 1049 3157 sortasse
1074 3116 1252 3166 proficiet
1270 3132 1286 3162 5
1312 3115 1391 3158 illis
1418 3127 1588 3166 namque
1614 3127 1686 3163 pro
1709 3113 1812 3154 clavi
1838 3127 1905 3154 aut
1934 3113 2125 3155 manudu-

75 3168 214 3214 ‘stione
237 3167 288 3209 ad
313 3164 464 3212 facilius
489 3165 754 3220 ass'equenda9
782 3165 977 3219 altiusque
1004 3167 1115 3210 labili
1142 3170 1336 3211 memoriae
1363 3166 1560 3219 infigenda
1585 3165 1767 3208 deserviet
1784 3191 1800 3214 9
1828 3179 1914 3218 quae
1932 3165 2133 3216 prolixius

80 3220 124 3275 §t
146 3218 336 3271 copiosius
361 3219 422 3264 illi
444 3219 512 3265 alii
537 3219 800 3273 multiplices9
826 3233 994 3272 quorum
1019 3226 1178 3272 copiam
1203 3221 1352 3266 habent
1377 3220 1467 3264 libri
1487 3245 1504 3270 9
1529 3219 1876 3268 complectuntur.

1399 3606 1507 3651 *ὁ
1924 3608 2077 3650 Not
