2470 3990
287 194 407 277 De
453 184 760 300 publicis
804 177 1298 280 Poenitentiis‚
1359 175 1533 262 Diffi
1557 179 1804 259 VIII.
1981 206 2094 277 29

53 312 93 348 'ab
101 317 251 351 emiseram
259 308 539 343 communicatorias
546 303 768 346 epistolas‚quas
776 303 935 333 Fon-maras
941 298 1077 336 dicimus,

53 349 207 398 poffitquii
217 353 318 385 vellet
332 354 404 384 dare
413 351 431 383 ἰ
440 354 487 384 U‘
502 344 699 388 affirmabam
707 343 785 384 quod
801 339 995 381 manifestum
1010 347 1078 371 erat

55 395 190 428 omnibus
208 394 257 426 boc
273 395 358 426 modo
356 389 511 434 facillime
522 390 612 420 illam
622 386 784 419 terminari
793 381 976 429 quastionem
982 379 1056 422 poffe
1067 402 1075 411 .

55 433 353 478 RefertGregorius
361 432 593 475 Nazianzenus
603 420 1076 474 investiv215inJulianum,sce.

41 501 43 503 -
53 477 257 512 iestiffimum
266 476 363 510 istum
371 474 553 517 apostatam
564 470 687 503 invidia
695 473 898 511 concitatum
906 488 918 504 ‚
926 461 1078 510 transfer-

60 530 95 552 re
113 518 147 552 in
155 517 396 552 Gentilismum
406 511 602 558 proposuisse
620 509 742 543 multos
762 506 944 540 laudabiles
959 504 1077 545 quibus

57 560 200 597 Ecclefia
218 559 355 595 florebat
365 558 445 592 ritus
457 581 468 597 ‚
490 567 528 590 ac
537 549 712 596 praesertim
730 547 855 582 litteras
863 545 1032 589 hospitalis
1045 570 1052 577 .

856 632 1072 644 ——-——-=

178 687 727 734 DISSERTATIO
777 682 932 722 viii.

191 785 254 824 De
273 782 425 834 publicis
442 773 935 839 pris'cqrumanristianorum

446 837 667 880 pernitentiis
681 853 692 864 .

59 938 89 963 ι.
158 920 380 968 L'ERIQUE
389 929 512 963 magnae
521 917 717 966 eruditionis
724 916 900 964 Scriptores
909 908 1079 948 materiam

98 926 150 1005 P
172 967 267 1000 istam
278 964 520 1008 pertractarunt,
532 969 615 993 inter
623 971 706 1002 quos
715 952 1079 1039 eminetffiliffiigrs‘aeg:

54 1009 148 1045 tinus
162 1004 436 1050 Congregationis
445 1001 594 1037 Oratorii
605 999 837 1047 Domini-JES

56 1063 112 1086 cus
121 1075 132 1091 ,
142 1055 175 1084 δι
185 1056 415 1084 ornamentum
423 1068 432 1077 .
441 1043 615 1090 Sciendum
624 1043 658 1076 in
668 1053 778 1085 primis
787 1043 826 1074 de
838 1039 964 1087 diversis
973 1034 1080 1080 publi-

51 1104 98 1133 cae
107 1090 291 1137 penitentiae
299 1085 731 1131 speciebuaNicenaeprimae
741 1083 870 1126 Synodi
877 1089 1020 1115 canones
1032 1088 1045 1110 1
1053 1088 1079 1110 1.

49 1139 89 1169 δε
99 1146 147 1168 22.
167 1142 229 1166 tres
238 1129 327 1163 illius
338 1127 530 1169 distinguere
540 1125 657 1173 species
666 1135 722 1160 aut
730 1124 840 1170 classes
849 1146 861 1163 ,
871 1121 1075 1169 Auditorum

49 1175 288 1210 substratorum
297 1193 308 1209 ,
318 1173 351 1203 δε
361 1169 439 1202 citra
451 1167 659 1210 oblationem
666 1162 1072 1211 communicantiumAu-

48 1217 171 1251 ditores
181 1215 267 1255 juxta
275 1209 361 1245 sores
370 1209 520 1252 Ecclesie,
530 1209 570 1242 ab
578 1220 691 1254 earum
697 1217 809 1254 tamen
815 1206 936 1253 limine
944 1201 1074 1251 exclusi,

40 1250 86 1292 'in
93 1257 220 1291 stimmo
231 1251 336 1291 luctu,
345 1255 378 1286 δε
388 1250 565 1293 siluallore,
574 1250 671 1284 saccis
681 1253 714 1284 &
723 1248 839 1295 ciliciis
849 1246 961 1294 amifii
969 1245 1076 1278 versa-

45 1299 168 1336 bantur
176 1320 184 1329 .
204 1294 310 1329 Iidem
334 1304 374 1326 ue
384 1291 455 1334 post
470 1293 627 1326 statutum
642 1300 770 1333 tempus
787 1301 822 1323 in
841 1289 1072 1322 substratorum

44 1338 222 1374 stationem
238 1345 312 1369 tran
326 1334 412 1380 ibant
422 1357 430 1366 .
439 1333 590 1367 substrati
607 1333 709 1379 porro
727 1331 812 1365 intra
830 1330 980 1364 Ecclesiae
1019 1338 1070 1362 ar·-

45 1390 117 1415 tem
126 1389 218 1421 ,quae
227 1376 246 1410 a
255 1375 379 1410 forium
388 1374 557 1408 liminibus
567 1373 709 1415 primum
725 1372 898 1420 occurebat
908 1394 919 1411 ,
937 1375 970 1405 δε
1019 1380 1070 1402 ar-

45 1422 122 1455 thex
139 1418 314 1454 vocabatur
322 1440 334 1457 ,
351 1415 481 1450 admitti
506 1415 653 1462 solebant
662 1439 673 1455 ,
692 1415 800 1457 ibique
822 1413 927 1447 Mill'ae
946 1421 1070 1458 partem

43 1461 152 1501 illam,
161 1471 234 1503 quae
243 1459 550 1494 catechumenorum
559 1456 736 1496 dicebatur,
746 1467 806 1490 nec
815 1466 885 1489 non
895 1454 1070 1487 homiliam

42 1515 85 1538 ac
102 1502 285 1538 sermonem
301 1500 362 1543 qui
378 1499 414 1532 in
423 1498 564 1533 Ecclesia
575 1501 614 1532 de
624 1497 769 1541 suggesto
778 1497 848 1540 post
858 1498 1067 1542 decantatum

44 1543 268 1587 Evangelium
286 1540 561 1584 pronunciabatur
570 1563 580 1579 ‚
590 1551 655 1573 una
673 1551 748 1573 curri
757 1539 999 1584 cathecumenis
1007 1547 1067 1582 au-

41 1586 189 1625 diebant5
196 1584 250 1619 sed
258 1593 334 1618 ante
342 1582 560 1620 offertorium,
569 1592 610 1615 ne
621 1593 675 1625 my
681 1581 782 1615 steriis
790 1578 1008 1626 ineffabilibus
1018 1588 1069 1623 in·-

43 1628 192 1663 teressent
200 1649 212 1666 ,
233 1636 298 1659 una
307 1636 382 1658 cum
391 1622 634 1657 catechumenis
644 1627 677 1657 &
688 1632 925 1665 energumenis,
935 1628 971 1666 ut
980 1618 1069 1664 1³¹9-

42 1669 152 1717 nysius
161 1667 195 1704 in
203 1667 261 1701 lita
270 1665 488 1706 Ecclesiastica
498 1663 692 1699 Hierarchia
703 1661 1041 1708 docet2voceDiaconi
1051 1660 1070 1691 a

0 1732 1 1747 l
43 1708 217 1746 liminibus
225 1707 342 1749 templi
351 1706 491 1741 omnino
500 1706 756 1741 excludebantur
765 1716 773 1737 ι
784 1702 936 1748 soluique
946 1701 979 1735 in
987 1710 1072 1735 tem-
1081 1717 1089 1726 ·

0 1749 1 1762 ¹
43 1753 107 1796 plo
123 1750 302 1799 persistebat
319 1750 360 1782 ad
378 1749 478 1793 finem
496 1746 606 1793 usque.
615 1745 778 1792 Collectae
797 1744 949 1791 acMissae
960 1741 1072 1776 tertius

44 1791 280 1836 poenitentium
288 1790 454 1834 ordo‚·qui
464 1787 564 1821 solius
575 1788 694 1820 divinae
705 1786 912 1831 Eucharistiae
921 1794 1072 1829 commu-

42 1833 158 1869 nionis
164 1841 258 1866 exors
266 1837 334 1863 erat
343 1853 351 1861 .
361 1828 495 1863 Nicaeni
503 1828 639 1874 quidem
649 1828 757 1874 Patres
767 1827 850 1861 nihil
861 1826 900 1872 de
909 1832 1072 1870 poeniten7

45 1875 133 1909 tibus
141 1872 282 1908 omnino
292 1869 333 1903 ab
343 1869 493 1903 Ecclesia·
501 1871 593 1903 aditu
626 1868 773 1902 rohibitis
782 1874 1073 1907 meminerunt,qui

40 1917 96 1952 Lu
119 1923 208 1949 entes
218 1910 471 1947 dicebantur,s'ed
479 1910 578 1943 tacite
601 1920 644 1951 up
666 1910 874 1948 onunt‚iuxta
884 1908 970 1942 illud
979 1908 1075 1949 Apo-

41 1927 121 1992 stofi
131 1964 158 1990 1.
178 1952 258 1987 Cor.
278 1958 310 1997 5‘.
316 1951 401 1996 :Quid
411 1953 490 1985 enim
508 1951 583 1982 mibi
590 1952 627 1982 de
644 1922 685 1982 gis
694 1951 912 1990 quaeforisfimt
918 1949 1053 1994 {udicare
1064 1972 1072 1981 .

41 1997 200 2033 Praeterea
209 2002 284 2027 cum
300 1994 401 2025 iidem
412 1990 520 2024 Patres
530 2000 602 2024 can.
614 1999 628 2023 1
635 1999 661 2023 1:
670 1990 886 2031 protestentur
894 2012 906 2028 ,
917 1990 947 2023 se
956 1990 1074 2022 huma-

39 2037 118 2074 nius
126 2039 159 2071 &
169 2043 283 2079 praeter
291 2031 445 2068 meritum
454 2042 569 2066 eorum
579 2053 590 2070 ,
599 2031 658 2078 qui
676 2029 733 2066 sub
742 2041 864 2073 nupera
882 2029 1004 2066 Licinii
1014 2040 1072 2072 ty-

39 2076 178 2116 nunide
189 2075 264 2118 lapsi
274 2073 401 2109 fuerant
410 2097 422 2120 ρ
445 2075 615 2108 decernere
627 2084 636 2112 ς
655 2073 855 2108 credendum
871 2072 916 2106 est
924 2095 936 2112 ‚
957 2083 999 2105 ne
1017 2083 1070 2106 ca-

0 2135 1 2161 ;
40 2119 164 2162 aonica
173 2115 323 2152 severitas
340 2116 649 2161 lapsosdeterreret,
667 2124 850 2161 eorumque
866 2113 1070 2148 conversioni

0 2167 2 2171 ’
41 2161 205 2199 obsisteret
214 2183 226 2199 ,
235 2157 396 2192 remissam
414 2156 482 2190 illis
492 2156 582 2192 fuisse
593 2155 946 2202 asperioremstationis
955 2156 990 2191 lu
1012 2166 1071 2190 en-

0 2205 3 2214 ”
40 2203 128 2241 tium
145 2199 405 2236 observationem
414 2222 426 2238 ,
436 2197 577 2240 ideoque
585 2197 625 2232 ab
636 2197 734 2234 initio
742 2197 813 2242 ipio
823 2197 968 2234 remissos
992 2197 1070 2233 uisse

34 2243 115 2280 ‘reos
124 2240 310 2282 huiusmodi
319 2241 360 2273 ad
379 2238 594 2286 secund5,que
604 2239 649 2275 est
658 2240 877 2276 Audientium
885 2240 1070 2274 stationem.

86 2298 115 2320 2.
146 2286 193 2321 At
209 2282 287 2318 vero
292 2280 415 2328 Sana»
421 2282 602 2328 Gregorius
613 2281 880 2317 Neocaesariensis
891 2286 923 2316 δε
934 2282 1070 2315 Basilius

44 2327 191 2369 Magnus
199 2349 211 2365 ,
234 2326 267 2359 in
279 2325 341 2357 suis
351 2324 582 2365 poenitentium
590 2323 782 2359 Canonibus
792 2348 803 2364 ,
814 2324 938 2365 aliique
948 2332 1070 2356 veteres

37 2370 152 2404 Patres
169 2364 295 2410 publice
312 2365 544 2407 poenitentium
560 2375 704 2407 quatuor
721 2366 923 2410 distinguunt
939 2364 1071 2398 ordines

42 2411 81 2447 in
90 2411 373 2449 mahnaninufletum
390 2407 715 2447 dxecoennauiitionem
732 2407 886 2439 v'uo'mamv
900 2407 1075 2449 prostratio-

44 2463 120 2488 nem
138 2451 172 2483 δε
189 2450 313 2485 «θα-τως
323 2447 540 2491 confistentiain
550 2471 560 2487 ‚
570 2448 688 2523 qfiiibus
706 2449 843 2481 tandem
860 2446 1070 2482 succedebant

42 2492 147 2531 *15:3⁶
159 2493 352 2532 participatio
367 2490 554 2531 Eucharistiae
563 2514 571 2522 .
613 2489 734 2531 xempli
749 2488 851 2532 gratia
861 2512 873 2528 ,
893 2489 1029 2523 Basilius
1038 2489 1074 2522 in

42 2531 112 2568 suis
121 2532 162 2566 ad
172 2531 446 2573 Amphilochium
454 2530 646 2571 canonibus,
668 2528 830 2575 prescribit
840 2531 960 2574 mechis
969 2542 1074 2564 annos

52 2572 191 2619 publicae
201 2572 620 2619 poenitentiae‘quindecim,
637 2582 779 2619 quatuor
787 2571 944 2606 nimirum
960 2572 995 2606 in
1015 2572 1073 2618 fle-

44 2625 83 2650 tu
93 2639 104 2654 ,
126 2624 272 2660 quinque
290 2624 324 2647 in
335 2615 504 2648 auditione
514 2637 524 2654 ‚
545 2624 687 2655 quatuor
697 2625 730 2647 in
741 2614 956 2655 prostratione
966 2638 977 2653 ,
996 2615 1074 2647 reli-

73 2654 134 2690 uos'
145 2657 228 2690 duos
237 2666 272 2689 in
283 2655 486 2696 consistentia
497 2681 504 2688 .
514 2655 696 2689 Greoorius
705 2664 816 2688 autem
826 2654 1077 2689 Neocaesarien-

62 2709 87 2732 is
104 2708 175 2743 can.
200 2707 212 2730 1
220 2707 247 2729 1.
265 2696 378 2731 flentes
395 2696 441 2743 ait
459 2697 558 2730 arceri
568 2681 608 2730 ab
619 2696 767 2730 Ecclesia:
776 2695 900 2731 foribus
911 2709 920 2736 3
938 2697 1075 2730 audien-

45 2747 98 2778 ‚tes
123 2747 208 2771 intra
226 2735 311 2772 fores
328 2737 458 2772 admitti
469 2762 480 2778 ‚
500 2737 684 2780 versarique
702 2738 735 2772 in
753 2747 844 2780 parte
869 2738 959 2771 navis
970 2761 980 2777 ,
1000 2750 1073 2780 quae

43 2780 200 2820 ,Narthex
219 2779 395 2814 vocabatur
404 2804 412 2812 .
429 2779 493 2814 Sub
509 2779 716 2814 audientium
733 2789 843 2814 autem
852 2780 1075 2821 appellatione

48 2821 297 2863 'comprehendit
307 2822 479 2863 prostratos
488 2844 500 2860 ,
510 2820 650 2863 istos't1ue
657 2832 862 2860 omneS‚cum
871 2822 1078 2855 catechumc-'

50 2862 193 2909 animante
203 2862 411 2909 offertorium
421 2863 517 2909 docet
524 2863 644 2904 expelli
653 2862 750 2897 foras.
761 2862 995 2905 Ultimumque
1006 2875 1077 2905 poe-

48 2903 225 2943 nitentium
233 2906 397 2942 ordinem,
406 2915 464 2945 qui
473 2903 727 2938 Consistcntium
736 2903 867 2943 dicitur,
876 2906 942 2938 una
952 2915 1027 2938 cum
1037 2906 1076 2938 fi-

18 2984 20 2990 k
54 2945 122 2979 deii
131 2956 172 2987 po
195 2946 255 2978 ulo
265 2946 416 2991 adfinem
426 2943 524 2987 usaue
534 2944 679 2979 sacrificii
688 2945 774 2979 intus
784 2945 1077 2987 persisterc‚privari

2 2991 22 3045 Γ
51 2995 163 3023 tamen
202 2986 390 3020 iicharistica
400 2987 636 3021 communione
648 2986 785 3031 .Judaeis
795 2996 919 3026 autem,
929 2991 960 3021 &
970 2988 1077 3030 genti-

4 3016 24 3067 l
51 3026 136 3061 libus
145 3036 242 3069 atque
252 3027 408 3075 haereticis
417 3051 428 3066 ,
437 3026 506 3069 quo
515 3027 644 3075 facilius
653 3029 694 3074 ad
704 3039 813 3061 veram
824 3029 924 3062 fidem
942 3029 1078 3070 pellice-

20 3070 25 3104 ?
53 3077 160 3104 rentur
168 3091 179 3108 ,
197 3069 440 3110 permittebatur
448 3078 484 3102 ut
495 3070 673 3111 promiscue
683 3070 993 3104 catechumenorum
1002 3071 1078 3105 offi-

49 3108 106 3144 tio
121 3109 340 3157 Ecclesiastico
358 3110 541 3144 interessent
552 3134 562 3150 ‚
580 3114 613 3157 ὃς
631 3110 827 3145 concionem
846 3111 1082 3153 Evangelicam

58 3150 224 3199 mireum
243 3153 392 3193 utliquet
401 3163 439 3185 ex
457 3151 718 3194 carthaginensis
735 3152 1082 3194 Conciliiquartican.

57 3189 108 3231 84.
125 3191 208 3236 §olis
216 3192 272 3239 qui
297 3204 335 3234 pe
346 3193 455 3235 primae
465 3194 568 3228 claffis
580 3193 811 3239 poenitentibus
820 3217 830 3232 ,
843 3193 874 3226 id
885 3195 928 3227 est
940 3195 972 3227 lu
997 3197 1084 3229 enti..

0 3252 1 3256 =
57 3230 275 3267 businterdice
298 3235 527 3268 aturEcclesiae
538 3237 694 3275 aditus,ut
705 3235 738 3267 in
749 3235 886 3268 humum
896 3236 965 3275 abie
1003 3236 1010 3269 i
1024 3238 1081 3271 sub

0 3293 1 3299 η
57 3273 129 3310 dio,
138 3281 192 3305 aut
201 3271 316 3322 saltem
332 3275 366 3308 iri
375 3276 533 3310 vestibulo
545 3288 650 3319 preces
661 3280 693 3310 &
706 3271 856 3310 lacrimas
866 3276 1038 3312 funderent
1049 3304 1057 3311 .

101 3321 129 3353 3·
147 3311 376 3365 Pet-anemium
393 3317 522 3364 habitus
539 3327 630 3351 erant
650 3319 748 3360 pullae
757 3318 856 3351 vestes
867 3317 973 3352 cinere
984 3320 1077 3354 cons-

0 3377 2 3387 ,
14 3361 17 3364 “
55 3351 176 3399 Ῥοτΐτ)
185 3352 264 3388 sacci
273 3379 284 3395 ‚
292 3359 411 3398 cilicia,
421 3360 567 3400 squallor
575 3359 689 3401 capitis
701 3359 827 3393 inculti.
839 3359 988 3394 Diutinis
999 3373 1080 3402 prae-

0 3410 2 3429 ;
13 3397 31 3470 is
55 3404 188 3441 1⁶50.².¹.¹¹
199 3405 280 3435 pane
288 3399 321 3430 ετ
328 3410 411 3446 aqua
422 3400 560 3440 iejuniis,
569 3401 760 3435 orationum
769 3400 1079 3443 trequentia,crebris

0 3452 2 3470 ς
14 3443 19 3470 ι
59 3435 392 3482 wgiliis‚chameuniis
401 3442 636 3487 ,omniumque
646 3442 838 3476 deliciarum
847 3442 1055 3478 abdicatione
1065 3469 1076 3484 ‚

0 3490 23 3555 ,ἲ
57 3477 195 3517 aliisque
219 3473 411 3522 σκλψγνῖλι*
434 3483 485 3516 (eu
511 3483 733 3525 asperitatibus
758 3483 916 3531 perpetim
950 3496 1077 3520 exerce-

13 3558 33 3643 ‘51

29 3643 35 3762 l

34 3822 37 3838 l

35 3840 38 3882 l

20 3928 40 3990 21

1119 295 1184 328 bat.
1206 294 1289 328 Haec
1300 294 1418 327 docent
1427 292 1618 327 Arelatense
1627 291 1824 327 Concilium
1832 289 2009 326 secundum
2017 303 2089 326 can.
2101 302 2116 324 2
2124 301 2150 323 i.

1119 337 1192 371 Leo
1202 336 1370 379 Magnuse
1396 334 1442 367 ist.
1451 346 1501 375 92.
1511 347 1580 378 cap.
1600 345 1647 368 11.
1664 337 1699 368 &
1719 344 1767 368 12.
1783 333 2015 368 Tertullianus
2034 333 2090 366 lib.
2108 334 2149 365 de

1118 377 1339 415 Paenitentia,
1386 375 1518 409 acianus
1528 375 1675 418 paraenesi
1693 377 1735 408 ad
1752 374 2002 418 poenitentiam‚
2024 374 2150 409 Hiero-

1118 430 1240 462 nymus
1249 417 1339 461 epist.
1347 419 1390 451 ad
1411 417 1585 463 Oceanum
1603 420 1642 451 de
1659 416 1753 452 obitu
1771 418 1913 452 Fabiolae
1923 442 1934 458 ‚
1955 415 2150 452 Ambrofius

1118 472 1136 494 e
1161 460 1209 493 ist.
1217 462 1258 493 ad
1268 459 1428 534 virg-{nem
1438 460 1561 500 lapsam
1571 483 1582 499 ‚
1603 464 1636 493 δε
1646 459 1703 492 lib.
1714 470 1742 491 2.
1753 460 1792 492 de
1803 459 2002 492 Poenitentia
2011 464 2080 498 cap.
2101 466 2150 490 ιο.

1137 502 1317 578 honcilium
1364 501 1536 534 oletanum
1554 501 1688 535 tertium
1696 510 1766 542 cap.
1779 511 1826 533 12.
1848 500 2043 534 Concilium
2059 498 2151 540 Aga-

1120 553 1135 578 t
1159 554 1234 576 ense
1251 554 1321 576 can.
1333 553 1346 575 1
1379 566 1388 574 .

1164 596 1193 624 4.
1215 584 1331 630 Quaeri
1341 550 1445 625 pSotest
1453 582 1565 628 utrum
1574 585 1614 616 ad
1625 581 1853 625 poenitentia-m
1861 583 2026 625 publicam
2034 581 2152 622 adiun-

1119 626 1174 660 eta
1185 627 1258 660 esset
1278 624 1408 667 publica
1425 623 1572 657 criminis
1588 624 1763 663 confessio3
1784 623 1873 657 Rem
1890 623 2066 658 elucidabit
2082 633 2152 658 una

1121 666 1307 702 distinctio:
1330 666 1349 699 si
1359 665 1449 699 enim
1458 664 1587 707 publica
1597 665 1656 699 illa
1667 665 1862 708 poenitentia
1872 665 2018 705 injuneta
2027 673 2095 699 erat
2104 663 2151 697 ob

1122 709 1291 751 publicum
1301 708 1464 752 delictum.
1474 730 1485 745 ‚
1495 716 1563 753 ¹aut
1581 704 1708 751 publice
1726 715 1845 740 notum
1854 730 1865 745 ,
1886 707 1971 740 nihil
1990 714 2148 754 repugnat

1120 762 1189 790 eius
1207 749 1371 791 publicam
1380 748 1777 790 praeicnbiconieffionem
1787 747 1900 781 delicti
1909 771 1920 787 ,
1941 749 2049 789 qualis
2066 757 2150 781 exti-

1120 792 1161 826 tit
1171 791 1314 825 Fabiolae
1323 791 1420 824 unius
1429 801 1467 822 ex
1477 789 1636 830 primariis
1646 790 1767 823 Romu:
1777 789 1936 823 matronis
1945 811 1956 828 ,
1967 788 2002 822 in
2012 790 2080 821 :ede
2089 789 2150 821 La.

1121 832 1291 871 teranensi‚
1311 831 1431 874 quippe
1440 843 1514 872 quic
1524 829 1652 871 publice
1669 830 1764 864 alteri
1780 831 1873 870 viro,
1895 830 2025 864 vivente
2042 829 2150 863 adhuc

1120 874 1241 909 marito
1251 897 1262 913 ,
1283 872 1432 915 nupserat
1442 883 1497 919 per
1505 883 1650 917 errorem
1661 871 1736 908 iuris
1746 896 1756 910 ,
1766 874 1845 905 dum
1854 872 1955 905 credit
1965 871 1998 904 id
2009 870 2064 905 sibi
2075 870 2148 904 lici-

1118 926 1191 950 tum
1202 924 1332 957 propter
1340 914 1448 948 mariti
1459 914 1618 946 adulteria
1628 937 1635 945 .
1658 913 1756 947 Hanc
1766 913 1910 947 Fabiolae
1920 911 2150 957 poenitentiam

1121 958 1354 1031 Higronymus
1374 956 1408 989 in
1426 955 1564 997 epistola
1587 954 1647 987 illa
1664 956 1706 988 ad
1719 954 1894 988 Oceanum
1912 954 2064 998 graphice
2082 955 2152 987 des-

1122 1011 1166 1033 cri
1193 1008 1216 1032 it
1228 1024 1235 1031 .

1164 1049 1192 1083 ς.
1213 1034 1379 1074 Caetetiim
1389 1038 1443 1072 ubi
1464 1037 1662 1071 delictorum
1679 1038 1890 1072 occultorum
1909 1037 2038 1080 publica
2056 1036 2152 1070 susci-

1146 1081 1270 1115 iebatur
1287 1079 1480 1123 poenitentia
1491 1104 1502 1119 ‚
1532 1092 1570 1112 ex
1588 1079 1723 1112 arbitrio
1743 1080 1930 1120 poenitentis
1947 1080 2040 1113 simul
2058 1082 2092 1113 &
2113 1089 2152 1111 ex

1117 1093 1269 1165 Episcopi
1282 1122 1452 1164 prudentia
1462 1121 1496 1153 id
1506 1130 1616 1167 toturn
1635 1121 1837 1162 dependebat
1848 1145 1857 1160 ‚
1868 1133 1909 1155 an
1920 1121 2078 1154 sufficeret
2094 1131 2153 1162 ge-

1117 1165 1236 1198 neralis
1246 1165 1304 1197 illa
1315 1163 1513 1196 delitftorum
1523 1163 1766 1203 conlessio,quae
1775 1164 1906 1196 nullum
1918 1163 1951 1195 in
1963 1161 2064 1204 specie
2074 1173 2152 1203 pro-

1118 1208 1240 1248 palaret
1279 1214 1428 1239 eccatum
1438 1228 1448 1243 ,
1478 1215 1528 1250 an¹
1538 1207 1615 1237 vero
1625 1204 1788 1245 expediret
1805 1204 1931 1246 aliquid
1955 1203 2150 1246 particulare

1116 1247 1230 1283 fateri.
1251 1217 1292 1280 ἔτ.
1301 1246 1435 1288 quidem
1445 1245 1591 1287 pluribus
1609 1245 1790 1287 priscorum
1808 1245 2003 1279 testimoniis
2021 1244 2151 1287 probari

1113 1290 1219 1334 potest
1229 1288 1342 1330 saepius
1352 1287 1518 1333 contigisse
1528 1310 1538 1326 ,
1562 1296 1597 1320 ut
1606 1288 1648 1319 ad
1659 1286 1825 1328 publicam
1836 1286 2065 1328 poenitentiam
2074 1288 2152 1320 nul-

1112 1335 1145 1367 la
1157 1329 1357 1374 particularis
1366 1329 1521 1362 conscilio
1531 1329 1759 1370 adjungeretur
1768 1352 1776 1360 .
1800 1327 1928 1373 Primus
1938 1329 1999 1360 huc
2017 1330 2150 1361 accedat

1111 1374 1199 1408 testis
1211 1370 1402 1407 Ambrosius
1414 1370 1470 1404 lib.
1485 1381 1510 1403 1.
1523 1372 1561 1403 de
1573 1369 1724 1411 poenit.c.
1746 1371 1793 1402 16.
1812 1370 1943 1408 dicens,
1966 1372 1998 1401 Si
2017 1373 2083 1410 quis
2101 1382 2149 1402 oc-

1111 1418 1194 1450 culta
1211 1418 1340 1447 crimina
1359 1413 1466 1447 habens
1475 1436 1485 1451 ‚
1506 1421 1627 1453 propter
1643 1410 1790 1450 Christum
1809 1420 1915 1443 tamen
1931 1414 2150 1451 paenitentiam

1112 1461 1206 1500 egerit
1208 1456 1333 1497 studiose
1344 1479 1354 1494 ‚
1365 1456 1508 1496 quomodo
1517 1453 1596 1500 isthic
1606 1456 1726 1499 recipiet
1728 1452 1792 1494 fi·ei
1800 1456 1967 1484 communio
1977 1464 2035 1484 non
2045 1453 2148 1492 refun-

1110 1501 1194 1532 ditur
1203 1500 1220 1532 ,ὃ
1240 1497 1307 1531 Hic
1316 1494 1401 1530 certe
1410 1496 1532 1530 occulti
1542 1505 1687 1527 criminis
1695 1494 1827 1526 occulta
1838 1495 1994 1527 duntaxat
2004 1504 2041 1526 ac
2051 1504 2149 1535 gene-

1108 1539 1184 1574 ralis
1194 1538 1348 1573 confeffio
1359 1550 1434 1572 cum
1442 1536 1570 1581 publica
1581 1535 1773 1578 poenitentia
1792 1535 1966 1576 copulatur
1975 1561 1982 1568 .
2003 1535 2051 1568 At
2068 1535 2148 1568 vero

1109 1590 1184 1616 toto
1194 1581 1257 1614 illo
1268 1583 1306 1614 de
1337 1579 1511 1614 oenitentia
1520 1589 1618 1620 opere
1627 1601 1638 1616 ,
1657 1576 1786 1610 laucius
1795 1575 1929 1610 1)οᾶοῐ
1938 1588 2007 1609 non
2019 1578 2058 1609 de
2067 1576 2148 1615 alia,

1111 1622 1213 1664 quam
1224 1624 1262 1654 de
1274 1592 1403 1664 publica
1413 1619 1609 1664 poenitentia
1618 1617 1851 1652 tractationem
1862 1617 2000 1651 instituit
2010 1641 2019 1650 .
2029 1617 2151 1651 Statim

1112 1663 1201 1698 enim
1211 1662 1332 1697 ibidem
1342 1662 1520 1705 subjungit:
1543 1664 1614 1696 Volo
1624 1663 1751 1694 veniam
1761 1659 1931 1700 reussperet
1940 1682 1949 1698 ‚
1969 1668 2057 1700 petat
2074 1671 2146 1692 eam

1111 1708 1251 1748 lacrymis
1260 1728 1270 1744 ‚
1289 1705 1551 1746 petatgemr'ti‘bus,
1559 1713 1647 1745 petat
1655 1705 1745 1736 totius
1760 1703 1863 1744 populi
1877 1701 1995 1741 fletibus
2004 1725 2012 1733 .
2032 1701 2144 1734 Idem-

1114 1757 1177 1788 que
1188 1745 1243 1778 lib.
1255 1757 1282 1778 2.
1292 1747 1332 1778 de
1342 1746 1535 1786 poe'nitentia
1546 1757 1573 1777 c.
1586 1756 1632 1777 10.
1644 1745 1791 1777 hortatur
1802 1742 2019 1790 adpublicarn
2038 1742 2145 1784 poeni—

1111 1786 1348 1827 tentiam‚qu0s
1357 1786 1396 1819 ab
1407 1787 1428 1819 il
1437 1788 1466 1819 la
1476 1785 1674 1826 suscipienda
1686 1787 1791 1826 pudor
1800 1785 1937 1830 quidam
1947 1784 2127 1817 deterrebat
2138 1809 2145 1816 .

1113 1829 1244 1869 Istoque
1254 1827 1377 1862 ibidem
1385 1827 1503 1861 nititur
1513 1835 1707 1869 argumento
1717 1850 1728 1865 ,
1746 1825 1831 1858 nihil
1843 1825 1903 1858 esse
1913 1824 2015 1859 causae
2025 1836 2081 1859 cur
2090 1837 2148 1859 eos

1113 1871 1233 1912 pudeat
1251 1869 1328 1902 Deo
1347 1868 1475 1911 publice
1493 1868 1673 1910 supplicare
1683 1891 1693 1907 ,
1717 1870 1750 1901 &-
1769 1866 1936 1912 humiliari
1946 1891 1957 1906 ‚
1981 1879 2058 1901 cum
2075 1878 2145 1900 non

1114 1910 1264 1953 puduerit
1273 1911 1402 1945 occulte
1411 1913 1496 1953 apud
1506 1911 1714 1944 Sacerdotem
1723 1908 1871 1943 confiteri
1881 1908 2054 1942 admissum
2065 1910 2115 1942 del
2122 1908 2149 1941 i-

1112 1953 1204 1986 &uin
1214 1977 1224 1992 ‚
1234 1954 1324 1994 quod
1334 1961 1445 1986 tamen
1464 1962 1547 1997 ante‘
1557 1951 1718 1993 privatam
1736 1951 1830 1984 illam
1840 1950 2075 1985 confessionem
2093 1951 2149 1984 Sa-

1113 1996 1226 2028 cerdos
1238 1994 1406 2036 ignorabat
1417 2019 1424 2027 .
1447 2000 1506 2030 ,An
1514 1995 1651 2036 pudeat(
1663 1992 1794 2034 inquit)
1805 1997 1868 2026 Deo
1871 1994 2044 2035 supplicare
2055 2005 2146 2034 quem

1112 2049 1171 2069 non
1180 2038 1256 2068 lates
1266 2059 1276 2074 ,
1298 2047 1365 2069 cum
1384 2045 1413 2069 te
1434 2048 1493 2068 non
1514 2037 1757 2083 pudeatpeccata
1774 2044 1830 2079 pua
1847 2035 1958 2067 bomini
1967 2046 2057 2076 quem
2068 2036 2146 2067 lates

1109 2078 1244 2119 confiteri
1251 2079 1268 2109 ?
1289 2077 1379 2153 (ἦα-ε
1398 2077 1563 2112 Ambrosii
1586 2085 1672 2110 ratio
1683 2075 1810 2121 prorsus
1821 2075 1931 2122 inepta
1950 2078 2150 2118 depellendo

1134 2118 1231 2154 udori
1242 2119 1328 2159 esset,
1343 2132 1350 2152 ι
1361 2119 1490 2162 publica
1499 2118 1746 2160 exomologesis,
1756 2118 1809 2151 seu
1820 2117 1989 2158 consessio,
2001 2117 2148 2151 indivul-

1110 2131 1144 2195 sa
1164 2160 1286 2203 semper
1295 2159 1313 2195 a
1326 2161 1455 2203 publica
1468 2160 1665 2203 poenitentia
1676 2159 1800 2206 fuisset:
1823 2171 2010 2194 cumnemo
2021 2159 2149 2202 ignoret

1134 2203 1296 2238 raviorem
1314 2203 1423 2237 multo
1434 2204 1592 2245 pudorem
1602 2213 1639 2239 ex
1651 2202 1780 2243 publica
1789 2203 1829 2234 ad
1842 2200 2026 2235 universum
2038 2213 2144 2243 popu-

1111 2215 1184 2279 Fum
1192 2244 1338 2279 criminis
1346 2254 1442 2279 antea
1453 2244 1558 2287 ignoti
1568 2243 1767 2277 confessione
1776 2243 1876 2282 nasci,
1903 2255 1980 2277 uam
1991 2254 2028 2277 ex
2038 2243 2147 2285 priva-

1110 2296 1144 2320 ta
1155 2286 1338 2331 secretaque
1347 2288 1388 2319 ad
1407 2286 1502 2319 unius
1519 2284 1705 2319 Sacerdotis
1723 2295 1835 2317 aurem
1846 2308 1853 2316 .
1902 2296 1943 2318 oc
1955 2284 2053 2331 igitur
2061 2285 2148 2318 Am-

1113 2327 1209 2361 brosii
1229 2329 1306 2361 loco
1331 2329 1437 2369 pudor
1445 2339 1483 2360 ex
1493 2326 1623 2368 publica
1634 2336 1789 2368 exurgens
1799 2324 1995 2366 poenitentia
2005 2325 2070 2360 sine
2079 2325 2153 2367 spe..

1113 2368 1201 2415 ciali·
1210 2377 1416 2414 peccatorum
1433 2365 1694 2414 manifestatione
1707 2389 1717 2404 ‚
1745 2365 1911 2400 confertur
1929 2377 2005 2400 curn
2022 2369 2150 2409 pudore

1114 2410 1309 2444 manisestati
1338 2418 1491 2452 privatim
1509 2420 1605 2451 penes
1623 2419 1728 2442 unum
1744 2408 1954 2443 Sacerdotem
1971 2417 2028 2451 per
2046 2408 2148 2444 secre-

1113 2461 1182 2485 tam
1200 2451 1451 2485 confeffionem.

1154 2495 1185 2526 6,
1194 2492 1350 2539 §imiliter
1358 2491 1555 2539 Concilium
1563 2492 1772 2526 Toletanum
1781 2502 1936 2533 quartum
1945 2503 2069 2534 can.14.
2089 2494 2147 2528 de-

1114 2543 1215 2568 cernit
1226 2546 1281 2575 per
1290 2534 1455 2575 publicam
1465 2534 1560 2566 illam
1599 2533 1808 2568 oenitentiam
1820 2557 1829 2572 ‚
1839 2533 1891 2567 cui
1900 2545 1970 2567 non
1980 2534 2077 2570 suerit
2087 2546 2146 2569 co·-

1115 2587 1184 2609 mes
1194 2575 1322 2617 publica
1333 2573 1446 2608 delicti
1458 2544 1614 2608 confeiii'o
1626 2598 1634 2613 ‚
1645 2575 1814 2608 neminem
1825 2574 1843 2608 a
1854 2575 1947 2608 sacris
1961 2576 2145 2610 Ordinibus

1114 2616 1262 2653 excludi.
1284 2617 1391 2662 (Quod
1409 2617 1498 2650 idem
1516 2616 1637 2650 deinde
1656 2617 1784 2650 iteravit
1794 2616 1990 2650 Concilium
1999 2618 2144 2652 Toleta-

1114 2669 1196 2692 num
1213 2656 1378 2692 decimum
1397 2658 1532 2692 tertium
1549 2669 1621 2691 can.
1642 2669 1689 2691 10.
1711 2657 1901 2700 Caetcroqui
1918 2658 2008 2692 enim
2019 2669 2147 2693 ceitum

1114 2700 1200 2742 apud
1217 2711 1332 2734 omnes
1349 2701 1414 2739 est,
1438 2699 1602 2741 publicam
1621 2699 1851 2740 poenitentiam
1867 2711 1933 2741 qua
1952 2700 2148 2741 particulare

1117 2742 1239 2788 crimen
1258 2753 1300 2783 po
1324 2742 1383 2775 ulo
1402 2741 1519 2774 astanti
1537 2740 1776 2782 exprimebatur
1792 2751 1979 2782 perpetuam
1997 2742 2150 2782 peperisse

1117 2785 1158 2817 ad
1176 2784 1280 2817 sacros
1335 2783 1442 2817 rdines
1460 2783 1732 2825 irregularitatem
1743 2806 1753 2821 ‚
1764 2792 1799 2815 ut
1817 2783 1942 2815 constat
1951 2794 1989 2815 ex
2000 2783 2146 2824 Origene

1118 2824 1174 2858 lib.
1186 2836 1213 2858 ι.
1236 2834 1349 2858 contra
1359 2824 1495 2858 Celsum
1506 2848 1515 2863 ,
1537 2836 1575 2857 ex
1585 2824 1740 2870 Hierony
1747 2836 1802 2857 mo
1813 2823 1949 2865 Dialog.
1961 2825 2067 2857 adver.
2077 2825 2148 2859 Lu·-

1117 2867 1290 2900 ciseiianos
1303 2879 1311 2905 3
1322 2878 1358 2899 ex
1369 2866 1484 2900 Siricio
1495 2865 1654 2899 Pontifice
1664 2866 1752 2906 epist.
1767 2876 1792 2898 1.
1802 2876 1839 2898 ex
1851 2865 2048 2898 Innocentio
2060 2866 2148 2908 Papa

1116 2907 1206 2949 epist.
1215 2910 1256 2941 ad
1265 2907 1446 2950 Agapitum
1457 2910 1510 2947 3&
1527 2920 1565 2941 ex
1575 2907 1808 2940 Conciliorum
1818 2905 1993 2939 autoritate
2003 2930 2013 2946 ‚
2024 2907 2149 2942 Niceni

1117 2949 1212 2991 primi
1223 2960 1293 2982 can.
1309 2960 1355 2982 10.
1365 2949 1527 2982 Toletani
1540 2948 1635 2990 primi
1645 2959 1717 2981 can.
1729 2947 2019 2989 2.Carthaginensis
2029 2949 2151 2990 quarti,

1119 3002 1191 3024 can.
1201 2990 1252 3024 68.
1262 2990 1457 3024 Arelatensis
1467 2990 1575 3032 quarti
1585 3001 1656 3023 can.
1681 3016 1687 3021 .
1699 2988 1896 3030 Epaonensis
1906 3000 1976 3022 can.
1988 2993 2052 3032 3.&
2063 2991 2148 3026 aliis.

1160 3043 1192 3078 7.
1210 3031 1364 3065 Praeterea
1375 3033 1446 3065 Leo
1456 3042 1592 3074 magnus
1600 3000 1689 3078 episi.
1700 3030 1769 3077 238.
1780 3030 1860 3076 alias
1871 3030 1920 3063 80.
1930 3032 1970 3064 ad
1981 3032 2149 3066 universos

1120 3072 1300 3114 Episcopos
1308 3073 1511 3115 Campaniae,
1521 3073 1645 3107 Samnii
1656 3076 1689 3106 &
1701 3072 1831 3110 Piceni,
1843 3072 1982 3113 loquens
1992 3075 2032 3107 de
2040 3075 2149 3115 poeni-

1124 3112 1235 3148 tentiis
1244 3114 1382 3156 publicis
1390 3138 1401 3154 ,
1421 3114 1583 3157 perspicue
1603 3117 1697 3159 docet
1709 3137 1718 3153 ,
1729 3112 1871 3146 sufficere
1882 3114 1915 3147 in
1934 3114 1982 3148 his
1994 3113 2148 3149 secretam

1126 3167 1221 3198 penes
1239 3167 1343 3189 unum
1362 3157 1571 3190 Sacerdotem
1596 3156 1829 3189 conscilionem
1852 3166 1861 3194 ;
1882 3166 1943 3188 nec
1961 3157 2083 3191 necesse
2101 3158 2150 3192 esl-

1123 3197 1154 3231 se
1172 3206 1297 3231 reatum
1315 3200 1424 3239 palam
1445 3197 1660 3231 manifestari.
1673 3196 1743 3230 Istis
1759 3204 1871 3230 tamen
1879 3205 1949 3230 tam
1965 3196 2149 3239 frequenti-

1123 3239 1180 3272 bus
1188 3238 1382 3272 testimoniis
1392 3251 1475 3272 unus
1484 3239 1630 3272 obsistere
1639 3237 1767 3270 videtur
1776 3248 1846 3270 can.
1858 3238 2027 3279 32.Concil
2034 3239 2054 3273 ii
2065 3239 2150 3277 Car-

1118 3280 1313 3322 thaginensis
1321 3280 1422 3320 tertii,
1433 3279 1546 3314 diserte
1557 3278 1728 3321 prohibens
1737 3279 1877 3312 omnino
1887 3281 2030 3321 permitti
2042 3283 2150 3316 ullam

1119 3321 1284 3363 publicam
1301 3321 1514 3362 penitentiam
1525 3345 1534 3360 ,
1556 3321 1613 3361 nist
1628 3321 1661 3353 ob
1667 3322 1819 3362 publicum
1839 3328 1886 3356 (7⁹
1903 3325 2149 3365 vulganffimnm

1120 3367 1235 3409 crime-n
1253 3365 1329 3409 quod
1338 3365 1482 3404 universa
1493 3363 1620 3408 Erclefiae
1631 3366 1756 3395 noverit
1765 3386 1784 3408 .·
1795 3361 1839 3395 Et
1858 3361 1932 3397 fane
1950 3374 2076 3399 canone
2087 3366 2149 3401 isto

1121 3414 1328 3438 convincitur
1337 3405 1497 3439 diversum
1507 3405 1688 3445 aliquando
1697 3404 1715 3437 a
1723 3403 1860 3445 reliquis
1875 3404 1967 3440 fuisse
1975 3405 2149 3442 Africana-

1118 3457 1189 3479 rum
1201 3445 1416 3480 Ecclesiarum
1434 3446 1526 3479 usum
1538 3468 1545 3477 .

1137 3487 1166 3520 8.
1177 3486 1307 3521 Siricius
1317 3488 1401 3530 Papa
1420 3488 1618 3529 epist.r.cap.
1630 3497 1677 3530 14.
1687 3488 1766 3520 duas
1775 3485 1859 3521 circa
1869 3487 2035 3529 publicam
2044 3489 2151 3531 poeni-

56 3518 175 3564 bana-¹¹⁹
186 3521 637 3568 3nupt¹251c⁰nViyi³‚balneas
647 3549 658 3565 ‚
668 3529 701 3559 &
711 3526 890 3572 hominum·
903 3528 1085 3573 congressus
1126 3528 1264 3562 tentiam
1275 3531 1401 3571 regulas
1412 3528 1581 3570 praescribit
1592 3541 1601 3568 ;
1611 3539 1683 3562 eam
1693 3527 1815 3562 scilicet
1824 3540 1925 3570 quam
1935 3531 1999 3571 jam
2011 3531 2151 3571 protuli..

58 3557 302 3598 aversabantur,
323 3570 428 3603 neque
439 3563 508 3606 ipsis
525 3577 614 3601 arma
632 3565 754 3601 deferre
770 3576 827 3601 aut
845 3568 990 3603 militare
999 3570 1078 3604 lice-
1122 3581 1278 3609 mus‚non
1287 3572 1347 3605 esse
1358 3567 1558 3613 recipie-cuim
1571 3569 1603 3603 in
1613 3568 1752 3604 Clenim
1761 3581 1837 3603 eum
1846 3571 1904 3614 qui
1914 3572 2042 3613 publica
2051 3569 2149 3607 suerit

1698 3611 1730 3646 C
1771 3621 1789 3657 3
1954 3612 2109 3656 aliquan,
