2430 3958
34 420 56 444 ‘a

83 442 172 469 mus
200 430 240 469 &
274 426 451 476 piiffimus
469 452 486 475 3
513 425 718 479 postquam
753 431 902 482 ingenti
937 427 1038 469 fama
1065 429 1105 468 &

29 582 54 626 :J
86 583 312 625 mauricensi
341 582 684 639 Jurisprudentiam
713 584 848 626 docuit
871 613 882 625 .
909 585 1004 626 Inde
1031 584 1108 624 Ro-

1935 166 2103 258 489·-

94 268 292 318 Societate
325 269 424 327 Jfisu
446 293 462 317 3
490 265 709 311 doctissimis
735 274 1024 313 commentariis
1060 273 1101 311 in
1144 269 1331 315 absolutis
1358 274 1534 323 operibus
1550 298 1566 321 3
1594 287 1701 315 acres
1728 274 1769 315 δε
1803 274 2015 314 continuos
2041 271 2157 318 hosti->

82 337 264 377 quatuor
283 320 493 374 Evangelia
504 321 762 364 elucidavere.
783 321 1105 372 Martinus-Aspil·
1146 337 1217 380 um⁰
1244 329 1407 376 impetus
1444 326 1554 367 elusit
1571 350 1586 372 3
1614 326 1742 366 donec
1778 324 2047 372 laborantibus
2080 328 2156 373 'iam

757 154 1128 254 Historica
1190 160 1520 268 Synopfis
1543 219 1559 237 .

43 391 53 395 ⁴*
89 390 204 425 cueta.
238 375 438 418 Navarrus
457 398 473 423 3
499 377 559 415 vir
592 373 788 428 utriusque
815 379 904 426 juris
931 373 1106 426 peritisii·
1149 390 1273 418 rerum
1300 382 1476 420 omnium
1502 378 1660 424 inopia,
1688 374 1856 429 fessisque
1884 381 1992 419 venit
2019 380 2058 417 in
2075 376 2162 418 sub-

1148 426 1281 470 fidium
1300 430 1600 481 Scombergiu53
1627 431 1694 480 qui
1721 430 2055 478 conjunctis'cum
2083 429 2163 474 Toss

87 476 275 522 concursu
303 478 482 528 professus
511 479 565 519 est
594 482 634 520 in
664 479 924 522 Universitate
944 476 1106 522 Tolosa·
1146 480 1256 522 irasio
1283 482 1426 523 viribus
1461 479 1575 523 caesos
1608 479 1761 532 Anglos
1795 494 1884 522 tota
1925 481 2047 523 insula
2074 493 2161 524 exe·

87 538 166 579 na,
193 535 335 573 accitus
353 532 443 573 inde
462 535 503 581 in
519 529 745 579 Hispaniam
764 532 918 582 publice
944 535 984 574 in
1002 532 1107 575 Sala·
1146 535 1200 583 git
1218 563 1228 572 .
1254 536 1361 576 Inter
1387 534 1465 576 haec
1492 534 1575 574 Rex
1609 534 1831 575 Ludovicus
1860 535 1962 574 XIII.
1987 533 2160 575 consiliis

1096 635 1098 638 Ι
1146 582 1231 626 usus
1245 586 1432 628 Armandi
1451 585 1614 627 Richelii
1635 585 1888 632 Cardinalis2,
1918 585 2076 638 Rupelle
2094 587 2162 626 ob.

85 649 190 676 mam
212 638 343 677 accito
362 635 666 678 consultationes
683 636 730 678 de
748 636 859 678 rebus
885 638 936 678 ad
960 633 1108 678 consci-
1147 634 1282 678 fidioni
1323 635 1468 679 summa
1501 637 1707 689 diligentia
1741 636 1917 679 incubuit
1933 662 1948 684 3
1986 651 2070 688 quae
2099 638 2167 679 ha.
2228 683 2229 690 χ

31 688 33 690 ’
86 691 234 729 entiam
269 687 551 736 pertinentibus
575 701 623 729 ex
651 686 800 730 diversis
830 691 1040 737 provinciis
1066 690 1107 728 &
1147 689 1281 730 &enus
1301 693 1405 731 intra
1434 702 1592 740 regnum
1622 690 1753 742 Gallie
1779 692 1874 730 novi
1892 689 2162 730 haereticorum

43 775 45 780 .
86 743 213 791 regnis
232 739 503 783 deferebantur
530 738 636 794 quasi
658 740 820 781 oraculo
839 768 849 778 .
878 741 971 792 Qia
990 743 1030 781 in
1048 754 1130 780 ur·-
1148 746 1254 792 regni
1281 756 1398 792 caput
1425 745 1465 783 δε
1505 742 1663 794 Regiam
1697 739 1733 782 se
1765 741 1938 790 jactabat
1965 769 1975 781 .
2009 742 2163 788 Iniecstis

30 800 48 846 ,Ji
86 790 136 832 be
156 792 254 832 obiit
282 806 392 833 anno
442 794 533 832 tatis
561 790 633 834 suae
656 788 905 843 nonagesimo
933 805 1104 844 quarto,

28 852 47 898 ᾗ
89 842 316 885 Christiana-2
354 857 486 887 autem
521 843 679 894 epochae
704 847 768 885 ah·
809 847 920 893 1586.
959 858 1002 886 ut
1030 849 1106 894 ejus
1146 845 1248 887 libus
1269 873 1284 895 3
1319 846 1502 897 praeterea
1530 846 1725 897 colligatis
1752 846 1802 886 acl
1829 845 2164 888 intercludendum

1147 795 1262 844 igitur
1289 798 1391 836 intra
1410 798 1614 842 Oceanum
1643 797 1857 845 ingentium
1877 791 2055 835 saxorum
2083 807 2165 834 mo-

0 2654 3 2664 ,
38 2617 39 2633 ³
82 2628 243 2654 numera
272 2614 417 2662 templa
444 2613 646 2667 sacrilega,

78 895 326 946 epitaphium
350 895 464 938 fidem
491 895 584 938 facit
603 926 614 937 .
648 894 800 944 Scripsit
828 896 1023 941 Manuale
1044 912 1106 938 ca-

84 945 196 992 suum
233 944 478 990 conscientiae
494 974 508 996 3
535 947 694 990 consilia
710 973 725 996 3
762 947 918 1000 aliaque
945 952 1106 990 canoni-

84 1014 161 1049 ca„
188 1013 274 1052 quae
292 999 399 1041 simul
427 999 490 1042 sex
507 1003 618 1042 tomis
637 1003 891 1042 continentur
917 1002 1103 1043 collecta.

141 1064 202 1102 35.
229 1054 416 1109 Quamvis
438 1051 673 1103 propositum
699 1051 793 1094 mihi
811 1050 925 1095 fuerit
953 1055 1105 1096 decimi-

30 1099 38 1134 ἶ
81 1101 182 1146 :sexu
199 1103 325 1147 saeculi
353 1105 551 1147 historiam
574 1120 655 1147 non
674 1102 860 1148 transilire
878 1132 894 1154 3
924 1122 1005 1148 non
1023 1103 1104 1154 pos-

82 1154 166 1198 isum
193 1157 325 1199 tamen
351 1159 403 1200 ad
436 1158 651 1206 pleniorem
676 1158 835 1198 lectoris
863 1159 1103 1209 voluptatem

81 1222 148 1250 me
166 1209 234 1250 his
260 1209 401 1251 finibus
427 1222 634 1257 coercere,
662 1212 758 1260 quin
786 1214 930 1254 caeteris
955 1224 1104 1262 praeter-

82 1260 197 1315 iniffis
224 1254 426 1301 eventibus
451 1258 501 1310 ad
538 1260 730 1301 decimum
766 1260 966 1311 septimum
994 1261 1103 1304 saecu-

81 1311 166 1355 lum
192 1310 455 1361 spectantibus
477 1335 495 1360 3
532 1312 617 1360 post
653 1311 858 1364 descriptas
879 1315 1104 1358 ‘horrendas

47 1408 59 1418 ‚-
79 1364 294 1414 tragoedias
310 1388 327 1412 3
354 1363 495 1415 quibus
522 1363 670 1406 haeresis
697 1367 937 1409 Calviniana
953 1394 968 1417 3
997 1363 1103 1420 quasi

35 1431 54 1457 ,·
81 1416 254 1467 Erinnys
282 1430 332 1457 ex
364 1430 461 1457 orco
487 1431 719 1467 erumpens,
748 1421 917 1462 Franciae
945 1434 1103 1473 regnum

79 1471 196 1511 annis
221 1466 302 1509 fere
329 1481 487 1510 centum
515 1469 706 1513 hostiliter
734 1471 973 1522 devastavit,
999 1470 1102 1514 ferro

33 1526 47 1566 ;÷·'
81 1517 324 1571 flammisque
361 1519 597 1567 funestavit,
623 1522 886 1577 ducentasque
923 1524 1035 1567 urbes
1063 1527 1103 1566 &

80 1573 195 1625 arces
216 1571 478 1616 munitissimas
514 1577 554 1616 δε
584 1577 905 1629 inexpugnabiles
942 1591 1104 1626 occupa-

79 1626 138 1664 vit
155 1624 171 1670 5>
194 1625 372 1666 omnibus
398 1639 529 1668 tamen
557 1627 757 1677 expoliata
785 1632 1034 1672 munimentis
1062 1632 1101 1669 δε

77 1677 343 1729 undequaque
383 1677 581 1720 debellata
620 1679 728 1731 quasi
754 1680 905 1723 infamis
935 1695 998 1731 per
1027 1682 1104 1722 edi-

80 1729 148 1769 &a
183 1729 303 1781 Regia
338 1731 518 1774 omnibus
552 1731 716 1782 publicis
739 1748 869 1786 exuta
897 1749 1103 1775 ornamen-

52 1814 61 1822 .
79 1782 156 1828 tis,
184 1786 294 1822 omni
321 1782 545 1833 magistratu
573 1786 814 1833 interdieta,
845 1791 953 1831 omni
981 1787 1102 1837 digui-

83 1845 203 1881 tate,
246 1837 431 1885 omnique
469 1835 724 1887 praefectura,
757 1838 892 1881 eversis
929 1852 1103 1891 quaqua-

79 1882 229 1926 iiersum
263 1885 454 1939 sacrilegis
479 1889 663 1938 'templi-s,
692 1892 900 1932 interdicto
937 1890 1102 1940 propha-

80 1951 139 1977 no
164 1938 275 1989 cultu
296 1964 312 1987 3
348 1952 432 1980 non
468 1940 544 1982 fine
571 1937 762 1990 stupendis
791 1945 944 1984 Divinae
980 1946 1102 1991 provi-

79 1990 220 2034 dentiae
248 1991 442 2032 miraculis
459 2021 471 2039 ‚
507 1993 555 2032 ad
585 1997 764 2044 exiguum
793 1994 1011 2045 sequacium
1049 2010 1101 2035 re-

79 2041 197 2087 dad’ta
232 2049 431 2091 numerum
468 2046 509 2083 in
548 2042 714 2084 obscuro
754 2048 828 2090 jam
863 2046 1016 2089 tumulo
1051 2046 1101 2086 se-

77 2093 191 2143 pulta
219 2091 402 2135 delitescit
419 2125 431 2135 .
458 2094 497 2136 A
523 2096 705 2137 Domino
732 2095 878 2137 saisitum
905 2097 959 2138 est
984 2097 1101 2141 istud,

77 2148 121 2186 δε
147 2146 201 2186 est
227 2145 404 2187 mirabile
442 2150 482 2188 in
510 2147 636 2188 oculis
678 2149 815 2189 nostris
836 2178 846 2188 .
881 2149 990 2204 Qid
1023 2164 1102 2190 me-

78 2211 229 2238 morem
257 2198 533 2245 potentissimas
562 2199 674 2239 urbes
696 2201 936 2249 eiiarmatas,
965 2205 1005 2242 &
1033 2200 1103 2242 sub.

76 2254 208 2300 jugum
243 2248 476 2290 obedientiae
515 2250 689 2291 redactas
719 2276 735 2298 3
778 2251 1040 2302 Monspelium
1083 2278 1099 2301 3

73 2300 284 2350 Rupellam
300 2326 314 2348 3
354 2302 536 2342 Montem
565 2301 764 2343 Albanum
782 2329 798 2352 3
825 2302 1061 2346 Nemausum
1082 2329 1098 2353 3

77 2355 340 2407 Engeriacum
357 2377 375 2400 3
402 2352 617 2410 Apameam
636 2380 651 2402 3
689 2353 897 2397 Lunellum
916 2381 931 2403 3
968 2358 1101 2397 Priva-

72 2408 207 2453 .ticum
226 2430 241 2452 3
274 2406 524 2462 ΟΙεται-ιιιῑ,
555 2408 752 2448 Nemeum
773 2433 787 2455 3
824 2406 1101 2458 Apuasmortu-

79 2472 149 2505 as,
176 2457 398 2509 cunctaque
426 2457 698 2500 Benearneiisis
726 2460 835 2512 plage
862 2462 1005 2509 oppida
1022 2450 1219 2501 mi.anni

80 2508 259 2551 nitisfima
279 2534 295 2557 3
324 2524 372 2551 ex
401 2510 541 2562 quibus
571 2525 682 2552 totos
710 2511 952 2564 septuaginta
974 2528 1100 2554 annos

80 2560 296 2603 Catholica
322 2560 416 2602 fides
444 2565 598 2612 prorsus
626 2563 883 2610 exulaverats
921 2566 1014 2616 quid
1043 2569 1098 2606 in-

677 2619 716 2657 &
743 2617 997 2666 perduellium
1020 2632 1100 2658 om-

81 2668 148 2708 nia
188 2666 480 2718 propugnacula
515 2668 671 2716 disjecta
707 2671 746 2710 δε
773 2668 859 2710 solo
897 2684 1047 2721 aequata
1079 2676 1100 2711 f

77 2720 138 2760 Sit
176 2733 281 2758 nuuc
310 2719 423 2760 nobi·
461 2720 508 2761 de
536 2723 717 2769 primaria
752 2722 974 2763 rebellionis
1010 2738 1098 2764 arce

78 2768 216 2811 sermo·
237 2767 474 2813 famosissima
513 2773 582 2814 illa
605 2775 662 2814 ·&
679 2771 854 2823 0superba
882 2775 1046 2822 Rupella
1079 2799 1094 2822 3

79 2826 184 2870 cujus
222 2820 287 2862 seu
322 2826 459 2874 capitis
497 2824 689 2866 excisione
733 2840 862 2868 totum
899 2827 995 2867 illud
1031 2841 1098 2876 po-

81 2873 289 2922 tentiffimae
315 2873 498 2918 factionis
516 2879 876 2927 corpus·c0ncidit.
903 2878 966 2919 Ad
983 2879 1098 2930 estua-

80 2929 314 2986 riaOeeani
351 2927 460 2969 sitam
487 2930 693 2979 Rupellam
713 2957 729 2979 3
755 2930 844 2972 cuin
873 2944 1015 2972 natura
1041 2933 1098 2973 lo-

80 2992 117 3018 ci
143 3002 158 3025 3
187 2992 268 3020 tum
306 2995 426 3021 manu
465 2984 505 3022 δε
542 2996 626 3023 arte
661 2983 944 3024 munitissimam
985 2987 1099 3026 vicini

80 3029 204 3081 Angli
231 3035 327 3074 totis
356 3032 498 3074 viribus
527 3037 851 3087 propugnabant.
878 3038 998 3083 Hujus
1025 3037 1102 3077 Ru-

80 3078 227 3132 pellani
266 3084 359 3126 belli
395 3086 475 3128 duo
501 3088 711 3136 primordia
747 3092 786 3130 δε
813 3087 977 3137 auspicia
1002 3083 1098 3130 fece-

80 3148 171 3175 runt
197 3135 287 3176 duae-
305 3141 502 3179 maritimae
530 3140 748 3182 nostrornm
778 3141 967 3181 vidioriae.
995 3143 1099 3182 Prio-

63 3201 159 3227 rem
173 3186 506 3245 “palmanfietulit
523 3193 694 3233 Carolus
715 3193 980 3243 Lotharingus
1003 3195 1098 3235 Dux

2 3249 10 3294 ᾗ
54 3277 59 3282 Α
81 3240 235 3281 Guisius
255 3239 380 3291 Regiae
398 3242 518 3284 claffis
539 3243 752 3296 Prqfeetus:
780 3242 983 3286 secundam
1007 3246 1098 3287 vero

45 3309 68 3331 ,ι
79 3291 178 3335 Dux
203 3294 545 3339 Montmorancius
593 3297 716 3347 Angli
731 3297 898 3338 duetore
914 3297 1099 3338 Bukinca,

81 3357 136 3383 no
158 3358 286 3384 arcem
324 3347 694 3390 Sanunartinianam
711 3353 843 3390 vicinae
862 3347 991 3389 insulae
1010 3350 1097 3392 Reae

80 3408 166 3434 cum
177 3393 288 3437 classe
305 3411 463 3438 centum
480 3403 619 3451 viginti
631 3405 788 3442 navium
808 3401 1010 3451 appellunt
1024 3427 1039 3450 3
1057 3417 1099 3444 iit

46 3467 48 3469 v
79 3445 237 3494 depulso
253 3451 342 3491 inde
369 3450 545 3492 Toirasio
561 3452 762 3495 fortissimo
793 3453 1097 3495 Catliolicotnm

63 3498 176 3557 ‘du-ce
195 3498 398 3543 stationem
413 3502 519 3543 illam
538 3504 762 3554 Rupellanis
783 3519 903 3554 nuper
923 3520 1095 3554 ereptam

11 3577 12 3580 =
69 3551 217 3604 „eisdem
238 3554 457 3597 vindicent.
485 3558 557 3598 Hic
586 3559 804 3600 recentibus
821 3559 911 3599 licet
931 3560 1095 3602 necdum

1146 898 1293 939 aditum
1321 901 1484 940 navibus
1505 923 1521 947 3
1549 912 1652 940 tetra
1678 898 1772 938 vero
1801 898 2064 939 circumducta
2094 913 2163 938 no-

1145 965 1197 990 vo
1217 964 1358 999 opere,
1388 965 1588 992 murorum
1613 950 1791 991 cinctura
1817 964 1905 991 cum
1930 949 2094 991 castellis
2122 952 2163 990 &

1121 1003 1427 1044 ‘munitionibus
1470 1003 1619 1045 obsidio
1655 999 1825 1052 perfecta
1862 1002 1915 1043 est
1945 1031 1955 1041 .
2002 1004 2164 1044 Interim

1143 1053 1364 1107 Anglorum
1414 1052 1535 1098 claffis
1581 1053 1702 1096 tribus
1752 1055 1962 1096 conatibus
1998 1054 2163 1099 claustra

1143 1111 1253 1150 maris
1297 1107 1564 1155 adjuvantibus
1598 1106 1958 1148 Oceani-aestuariis
1988 1108 2088 1155 ausa}
2113 1105 2168 1146 est

1143 1161 1350 1208 irrumpere
1367 1185 1382 1208 3
1410 1159 1471 1200 sed
1490 1160 1627 1200 srustra
1645 1188 1654 1199 .
1681 1156 1931 1208 Ipsvdemum
1959 1157 2090 1199 obseffi
2117 1161 2167 1198 ci-

1143 1226 1207 1253 ves
1239 1211 1339 1252 fame
1374 1213 1532 1259 enecti,
1561 1214 1774 1262 omniaque
1810 1226 1983 1252 extrema
2011 1209 2165 1259 perpeffi
2192 1224 2201 1232 ·

1127 1263 1381 1313 ‚deditionem
1416 1262 1542 1304 facere
1568 1261 1754 1312 compulsi
1780 1261 1869 1305 sunt
1899 1281 1909 1302 z
1936 1262 2080 1315 eosque
2108 1265 2165 1303 in·

1142 1315 1255 1367 signis
1281 1316 1487 1358 clementia
1517 1315 1572 1368 Re
1602 1319 1629 1355 is
1657 1318 1809 1362 excepit
1834 1314 2066 1356 virstualibus
2085 1313 2168 1355 sub·

1143 1369 1392 1416 ministratis,
1419 1368 1571 1409 restitut
1629 1369 1668 1407 in
1688 1367 1819 1406 urbem
1841 1367 2062 1408 Catholico
2085 1368 2165 1408 Dei

1142 1420 1252 1462 cultu
1277 1446 1293 1469 3
1329 1418 1491 1470 disjectis
1532 1423 1574 1460 in
1609 1418 1771 1470 planum
1809 1418 2036 1466 moenibus,
2071 1415 2166 1466 ipsa-

1143 1486 1220 1524 que
1238 1473 1331 1514 urbe
1359 1474 1400 1512 in
1428 1469 1588 1522 speciem
1617 1474 1705 1521 pagi
1733 1470 1915 1510 redacta·
1947 1472 2079 1521 Capta
2108 1471 2162 1510 est

1143 1525 1309 1575 Rupella
1328 1539 1438 1564 anno
1462 1526 1572 1565 1628.
1587 1522 1768 1568 Octobri
1796 1521 2016 1563 desinente.
2042 1523 2166 1578 Qud-

1142 1581 1236 1629 quid
1254 1577 1347 1618 vero
1376 1574 1556 1625 superfuit
1575 1574 1826 1625 perduellium
1855 1574 2057 1622 locorum,
2085 1588 2166 1626 qua

1143 1630 1343 1671 deditione
1356 1655 1370 1676 3
1383 1642 1461 1680 qua
1471 1631 1533 1676 vi,
1551 1641 1617 1676 per
1635 1640 1818 1667 terrorem
1839 1628 1879 1666 &
1895 1631 2055 1676 poenam
2072 1642 2167 1668 con-

1141 1685 1360 1725 tumacium
1379 1708 1391 1727 ,
1420 1694 1520 1732 quos
1547 1683 1686 1728 partim
1713 1675 1931 1728 suspendia,
1959 1683 2098 1726 partim
2114 1678 2168 1719 ad

1143 1737 1358 1775 triremium
1392 1730 1614 1773 servitutem
1651 1730 1908 1782 relegationes
1950 1730 2049 1779 justo
2082 1730 2162 1779 sup-

1111 1787 1261 1835 v'plicio
1289 1783 1502 1827 affecerunt
1518 1810 1534 1832 3
1560 1785 1759 1831 concidit,
1785 1785 1913 1833 pinnis
1929 1781 2084 1824 cessavit
2111 1797 2165 1824 re«

1142 1838 1291 1886 bellio,
1313 1838 1523 1889 cunelique
1545 1837 1595 1877 ad
1615 1834 1790 1877 officium
1818 1835 2031 1876 redierunt.

1144 1902 1799 1962 manassaanasaffiaas
1808 1908 2164 1959 sinuessanus

1143 1977 1491 2015 CONCJLJUM
1526 1965 1864 2014 GENERA'LE.
1910 1973 2163 2011 LATERa-
2220 1992 2223 1999 ·

1193 2027 1400 2064 NENSE
1427 2030 1582 2075 quintum
1603 2025 1668 2069 sub
1685 2025 1785 2073 Julio
1799 2023 1858 2061 II.
1875 2025 1913 2067 (5
1931 2019 2046 2079 Ιξεοηε
2063 2024 2115 2060 Χ.

1291 2074 1516 2122 Pontifichus
1533 2104 1544 2121 ,
1568 2076 1767 2112 inchoatum
1788 2088 1878 2110 anno
1907 2084 2015 2121 1512.

1198 2104 1216 2124 ο

1143 2148 1170 2171 1.
1272 2136 1411 2179 Uinque
1429 2136 1651 2171 communiter
1661 2135 1865 2171 recensentur
1878 2133 2048 2182 *generalia
2066 2134 2166 2168 Late.

1286 2178 1631 2214 ranensiumConcilia
1642 2204 1650 2211 .
1673 2178 1821 2211 Primum
1829 2178 1966 2219 quidem
1973 2187 2062 2209 anno
2075 2185 2131 2209 112
2136 2185 2167 2218 33

1117 2230 1123 2238 ·
1140 2233 1199 2262 pro
1217 2223 1434 2262 recuperanda
1461 2222 1513 2269 de·
1527 2220 1692 2254 Saracenis
1721 2219 1890 2265 Palaestina
1915 2227 2063 2259 tempore
2080 2216 2165 2263 Cal-⁴

1138 2262 1204 2296 listi
1224 2262 1317 2302 Papae
1335 2262 1570 2296 11-&Henrici
1581 2263 1626 2296 V.
1643 2260 2164 2306 Imperatoris,Sec-undumtem-

1139 2314 1218 2344 pore
1244 2304 1443 2337 celebratum
1467 2303 1655 2339 innocentii
1672 2305 1715 2337 II.
1734 2306 1767 2336 &
1788 2301 1940 2334 Lotharii
1958 2302 2002 2333 ΙΙ.
2018 2301 2166 2340 Impera-¹

1138 2343 1220 2377 nris
1230 2344 1380 2377 adversus
1389 2345 1702 2386 pseudopontificem
1711 2344 1911 2376 Anacietum
1922 2364 1932 2379 ‚
1943 2352 1995 2373 an.
2006 2340 2086 2373 Ch.1
2094 2349 2164 2383 139.

1139 2384 1275 2422 Horum
1295 2387 1438 2418 duorum
1466 2385 1702 2418 Conciliorum
1728 2383 1926 2428 nequeaeca
1943 2390 2053 2414 extant
2070 2405 2081 2420 ,
2104 2389 2163 2415 ne-⁴

1138 2437 1203 2467 que
1222 2425 1284 2458 ulli
1302 2425 1458 2459 Canones
1475 2448 1485 2457 .
1506 2425 1664 2470 Tertium
1681 2434 1923 2470 oecuinenicum
1944 2423 2165 2469 Lateranense

1277 2467 1327 2500 88.
1344 2477 1458 2500 contra
1477 2466 1658 2499 Valdenses
1676 2467 1843 2499 haereticos
1861 2488 1871 2504 ‚
1902 2464 2064 2498 Pontiflce
2078 2466 2162 2500 Aie-

1139 2510 1241 2542 xandr
1281 2509 1388 2543 HL&
1406 2508 1573 2542 Friderico
1594 2507 1789 2554 AEnobarbo
1807 2508 2024 2555 Impegatore.
2048 2505 2163 2551 Quar-

1138 2560 1211 2583 tum
1228 2550 1378 2583 habitum
1396 2562 1484 2583 anno
1498 2561 1583 2595 ηις.
1594 2558 1707 2583 contra
1728 2547 1864 2582 diversas
1882 2547 2033 2586 haereses,
2058 2552 2092 2582 δε
2104 2559 2164 2590 pro

1140 2591 1318 2626 indicendo
1336 2594 1376 2624 ad
1403 2600 1522 2625 terram
1550 2591 1695 2624 sanctam
1713 2591 1967 2631 recuperandam
1984 2591 2074 2622 sacro
2093 2589 2163 2623 bel-

1138 2635 1194 2672 lo,
1216 2632 1272 2666 sub
1289 2633 1486 2666 Innocentio
1507 2632 1592 2674 Papa
1610 2632 1730 2670 tertio,
1753 2634 1786 2664 &
1806 2630 1972 2664 Friderico
1991 2631 2034 2664 11.
2053 2632 2162 2673 Impe-

1138 2684 1245 2709 ratore
1263 2700 1270 2707 .
1293 2674 1463 2720 Quintum
1482 2674 1623 2715 denique
1642 2673 1725 2706 istud
1743 2673 1786 2706 est
1805 2671 1860 2706 sub
1871 2671 1970 2716 Julio
1991 2675 2025 2705 δε
2045 2673 2166 2708 Leone

1138 2716 1346 2750 Pontificibus
1365 2718 1404 2748 ad
1425 2715 1628 2757 profliganda
1647 2714 1816 2750 schismata
1835 2737 1845 2753 ‚
1867 2717 1901 2748 δε
1919 2713 2163 2755 providendum.

1138 2757 1265 2790 diversis
1293 2757 1444 2800 Ecclesiae.
1467 2756 1637 2798 negotiis„
1660 2755 1896 2790 Maximiliano
1926 2755 2130 2800 Imperatore
2151 2779 2163 2788 .

1138 2798 1301 2834 Exors'um
1317 2799 1362 2832 est
1380 2799 1461 2832 istud
1479 2810 1532 2831 an.
1553 2805 1640 2839 1512.
1659 2797 1814 2842 desiitque
1832 2806 1921 2829 anno
1943 2803 2032 2835 1517.
2051 2806 2162 2829 minor

1137 2840 1196 2874 fuit
1216 2841 1250 2874 in
1269 2841 1332 2874 hoc
1353 2839 1511 2873 Concilio
1539 2849 1693 2872 numerus
1714 2837 1955 2882 Episcoporum
1973 2847 2074 2878 quam
2089 2835 2162 2870 fue..

1136 2882 1179 2915 rit
1197 2881 1230 2915 in
1241 2882 1309 2915 alio
1328 2882 1401 2914 ullo
1416 2881 1624 2926 oectimenico
1638 2903 1649 2918 ‚
1671 2889 1841 2919 nunquam
1859 2888 1948 2911 enim
1969 2879 2011 2910 ad
2021 2871 2160 2911 ‘centesi-

1138 2935 1230 2957 mum
1248 2927 1281 2956 δε
1299 2921 1486 2965 vigesimum
1502 2930 1629 2963 attigit.
2003 2959 2011 2966 ·
2069 2959 2077 2966 ·
2132 2931 2145 2944 ·

1179 2966 1320 2998 Seilione
1341 2975 1367 2996 1.
1387 2963 1594 2997 Ordinantur
1622 2961 1694 3008 post⁴
1711 2971 1815 3003 preces
1843 2963 1878 2994 ἃ·
1906 2960 2167 3007 supplicat-iones„

1139 3009 1179 3040 ad
1198 3006 1310 3039 Deum
1319 3004 1466 3039 Concilii
1485 3003 1736 3046 praeliminaria,
1759 3005 1952 3048 &ci-eantur
1970 3001 2162 3048 Qfficmles.

1179 3041 1705 3081 Seis.2.Damnantur.schiiinatici
1716 3043 1939 3077 conciliabuli
1952 3043 2058 3076 Pisani
2069 3044 2142 3077 atta
2152 3068 2163 3077 .

1180 3089 1251 3123 Seff.
1272 3098 1299 3129 3.
1311 3089 1411 3135 Poeng
1431 3088 1464 3120 in
1475 3086 1694 3120 schismaticos
1703 3083 2055 3132 Cardinalesaliosque
2066 3084 2162 3122 Con-2

1139 3130 1285 3165 ciliabuli
1303 3129 1410 3162 Pisani
1427 3138 1556 3162 autores
1574 3130 1791 3172 decernuntur
1803 3137 1849 3173 ,ας
1868 3126 2077 3168 infliguntur.

1179 3171 1255 3206 Sess.
1272 3182 1303 3211 4.
1322 3171 1382 3204 Ρη
1406 3170 1523 3209 marica
1541 3169 1674 3203 Sanctio
1693 3168 1917 3210 proscribitur.

1181 3225 1210 3246 2.
1227 3212 1302 3246 Ses's.
1314 3221 1342 3253 ς.
1354 3182 1494 3246 Αξίὲητε
1505 3223 1559 3258 per
1570 3209 1898 3256 aegritiidinemJulio
1910 3233 1920 3248 ,
1939 3209 2076 3253 presedit
2085 3210 2161 3258 Ra·-

1140 3256 1235 3297 pliacl
1253 3253 1441 3287 cardinalis
1462 3253 1639 3294 Episcopus
1660 3251 1831 3285 Ostiensis.
1855 3251 1998 3285 Perieeta
2016 3251 2061 3298 est
2072 3252 2161 3296 Julii

1142 3295 1331 3335 constitutio
1341 3318 1355 3334 ,
1364 3299 1398 3330 &
1407 3295 1426 3328 a
1437 3294 1595 3329 Concilio
1605 3293 1781 3339 approbata
1792 3316 1802 3331 ,
1812 3291 1999 3340 nonsolum
2017 3291 2161 3327 districte

1138 3348 1249 3371 vetans
1259 3348 1395 3370 omnem
1405 3336 1440 3370 in
1454 3335 1619 3370 creatione
1630 3335 1778 3368 Romani
1789 3334 1955 3368 pontificis
1964 3334 2137 3368 simoniam
2144 3345 2162 3375 ‚¹

1139 3379 1191 3413 s'ed
1218 3379 1317 3411 ctiam
1335 3378 1375 3412 sic
1393 3377 1516 3412 factam
1534 3376 1733 3410 electionem
1749 3376 1908 3419 abrogans
1925 3380 1959 3410 &
1977 3375 2158 3411 invalidam

1138 3422 1324 3459 declarans,
1346 3423 1454 3461 neque
1469 3421 1574 3453 ullam
1592 3417 1631 3451 sic
1648 3417 1756 3451 eiecto
1774 3417 1921 3451 conferre
1938 3418 2129 3466 potestatem
2146 3441 2158 3458 ,

1138 3461 1286 3503 ipsosque
1295 3461 1489 3494 Cardinales
1500 3484 1510 3499 ‚
1520 3460 1577 3501 qui
1587 3459 1627 3492 sic
1634 3459 1788 3502 elegerint
1799 3483 1809 3498 ,
1819 3459 1883 3493 esse
1893 3459 1962 3501 ipso
1971 3458 2060 3493 sacto
2073 3459 2156 3505 Car-

1136 3504 1282 3536 dinalatu
1303 3506 1336 3536 δε
1355 3502 1431 3535 aliis
1455 3501 1698 3544 quibuscunque
1716 3501 1927 3543 dignitatibus
1944 3504 1978 3535 δε
1995 3500 2156 3534 beneficiis

1137 3545 1255 3586 absque
1273 3544 1339 3577 alia
1358 3543 1576 3577 declaratione
1599 3543 1761 3584 privarem
1791 3552 2007 3584 praetereaque
2024 3551 2155 3575 excom-

1142 3585 1364 3622 municatione
1386 3584 1540 3619 reservata
1562 3584 1699 3624 irretiri,
1721 3583 1739 3618 a
1762 3595 1827 3625 qua
1849 3596 1920 3619 non
1940 3583 2000 3617 nist
2018 3584 2154 3616 Summo

1756 3625 1813 3659 ει·
1847 3634 1866 3667 3
1904 3622 1922 3642 ·
2032 3624 2123 3658 Ροιι,
