2430 3958
0 73 4 97 1

0 0 36 209 1

0 208 21 246 h*

1112 213 1122 228 Χ

1085 258 1093 266 q

94 313 2159 421 ffliuuwsessuseasesssasffiwa

428 463 902 557 LESIAE
973 455 1489 561 OCTAVl
1563 456 2156 566 sAECUm

488 580 1136 649 HISTORIGA
1201 578 1767 635 sYNopsiS.

94 464 384 544 ECC

91 691 130 732 '¹⁰
299 690 484 740 Efinente
512 690 672 742 septimo
705 688 855 734 Saeculo
874 690 939 747 ,ὃς
957 687 1102 727 octavo

313 753 497 793 ineunte,
516 741 768 789 Christifides
788 738 1014 782 Borealibus
1032 739 1103 780 Re-

314 798 495 852 gionibus
504 797 652 838 illuxit.
680 791 903 837 Suvibertus
921 787 1101 851 ‹sc-Willi-

84 853 246 895 brordus
268 851 390 893 sancti
409 849 634 893 Sacerdotes
643 846 759 906 ambo
785 857 834 885 ex
855 842 1094 904 A⁰g¹¹.².ps0,·

82 903 205 953 fecti,
233 906 272 946 &
293 902 535 945 authoritate
554 897 776 949 Apostolica
792 895 1094 945 praemuniti‘Di·

81 958 225 999 vinum
253 954 507 1007 Evangelium
533 953 722 999 Batavis,
749 945 870 989 Frisiis
886 972 905 1007 ·,⁸
930 949 1093 1007 Saxoni-

77 1007 178 1057 bus,
205 1010 246 1049 &
269 1010 396 1050 Danis
412 1005 667 1056 praedicarunt
684 1023 704 1042 «r
719 996 1000 1060 permultisque
1027 1012 1092 1039 mi,

78 1060 224 1103 raculis
242 1058 460 1109 vastiffimas
481 1055 566 1097 illas
588 1057 807 1096 Provincias
831 1049 881 1091 ab
895 1049 1092 1111 idolorum

79 1112 194 1155 cultu
209 1111 266 1152 ad
283 1110 485 1153 Christum
503 1116 781 1149 converterunt
800 1131 813 1158 t
845 1102 924 1144 Sub
943 1102 999 1143 his
1015 1101 1095 1145 feli-

78 1163 232 1206 cissimis
250 1161 423 1212 auspiciis
440 1157 567 1209 partis
590 1173 638 1198 ue
656 1153 781 1198 utrius
805 1168 852 1196 ue
869 1154 1094 1205 laboribus,

83 1229 177 1257 cum
198 1219 274 1263 jam
283 1214 359 1254 illis
379 1215 420 1252 in
431 1213 578 1261 regioni
609 1224 651 1250 us
662 1167 832 1250 Ecclesia
845 1207 1016 1248 radicata
1028 1211 1097 1249 sso-

76 1264 241 1310 resceret
249 1290 264 1314 ,
282 1262 568 1305 willebrordus
576 1261 741 1302 Romam
753 1259 803 1301 ad
813 1261 985 1311 Sergium
997 1262 1098 1301 Pon.

78 1315 225 1368 tificem
242 1314 461 1365 profectus,
487 1313 656 1354 donatus
683 1312 737 1353 est
756 1311 807 1353 ab
834 1323 883 1352 eo
901 1310 1101 1362 Archiepi-

80 1366 230 1418 scopali
255 1367 410 1417 pallio,
444 1368 486 1408 δε
512 1365 646 1408 Romae
672 1367 714 1405 in
750 1361 1096 1414 Archiepiscopum

76 1417 365 1470 ffraiestensem
391 1418 661 1460 consecratus.
685 1416 781 1457 Inde
797 1415 1016 1461 Traiedtum
1045 1431 1100 1457 re.

78 1471 252 1525 gressus,
279 1485 421 1523 magna
448 1469 717 1522 gratulatione
743 1471 784 1509 δε
810 1468 952 1520 gaudio
978 1482 1002 1508 a
1029 1470 1096 1510 Su-

75 1524 232 1566 viberto
247 1536 431 1572 exceptus
447 1522 523 1569 est,
550 1532 852 1572 convocataque
872 1518 1094 1569 ampliffima

79 1576 248 1628 synodo
275 1576 379 1626 apud
405 1574 625 1622 'trajectum
652 1572 764 1614 rebus
791 1569 962 1616 Ecclesia
989 1586 1093 1612 com-

81 1630 294 1670 municatis
320 1625 487 1669 consiliis
515 1624 774 1674 sapientissime
801 1624 1055 1674 providerunt
1082 1651 1093 1663 .

81 1679 336 1728 Suvibertus,
394 1693 481 1719 uem
510 1691 551 1718 ut
569 1678 704 1718 ducem
732 1679 772 1716 δι
792 1689 910 1726 caput
929 1673 1093 1717 salutife-

75 1748 128 1776 rae
157 1731 268 1780 hujus
296 1734 349 1772 mi
392 1733 478 1771 onis
506 1728 709 1774 Wilfridus
737 1727 947 1778 Episcopus
970 1731 1095 1779 gentis

79 1783 455 1827 Nordhumbrorum
473 1780 768 1823 consecraverat
788 1778 1037 1828 TraJeetenfis
1051 1783 1101 1821 ci.

81 1838 217 1878 vitatis
244 1834 493 1882 Antistitem,
522 1832 766 1874 authoritate
795 1830 1011 1880 Apostolici
1029 1833 1098 1873 Le-

77 1891 164 1940 gati
190 1911 206 1935 2
243 1899 324 1937 qua
351 1884 470 1935 ipsum
499 1885 662 1937 Agatho
685 1885 789 1933 Papa
814 1884 1099 1931 decoraverat,

79 1939 288 1989 postquam
314 1937 439 1978 fuerat
458 1938 749 1990 Romanui‘fflin
776 1935 1006 1977 Concilium
1033 1934 1099 1976 sub

69 1989 225 2032 ‘eodem
245 1987 439 2029 Pontifice
467 1986 626 2036 praescns
646 1983 848 2034 admissus,
875 1987 1099 2028 Suvibertus

75 2043 246 2094 inquam
275 2040 493 2081 vocabatur
505 2039 705 2088 Trajeexen
713 2037 754 2079 sis
764 2038 938 2079 Ecclefiae
949 2036 1101 2086 Episco-

75 2095 171 2145 pus,
199 2092 492 2133 Willebrordus
511 2105 642 2132 autem
660 2089 822 2139 ejusdem
844 2089 1101 2132 EcclesiaeAr-

83 2142 350 2194 chi'episcopus
368 2164 384 2192 ς
412 2146 554 2196 quippe
583 2146 648 2195 qui
677 2142 800 2192 pallio
825 2156 915 2183 cum
944 2141 1015 2182 hac
1041 2143 1102 2184 de.

78 2200 356 2240 nominatione
381 2195 505 2238 fuerat
528 2209 553 2235 a
580 2199 714 2246 Sergio
731 2195 864 2235 Romae
879 2192 1100 2245 insignitus,

1947 213 2030 300 ῖς
2059 228 2103 298 ς·

1145 698 1227 725 rum
1247 688 1455 735 primordia
1476 686 1726 729 liberaliffime
1743 687 1935 734 contulit,
1965 687 2152 729 hortante

1144 735 1401 785 spontaneum
1412 742 1492 781 Itta
1505 749 1667 791 conjuge
1679 740 1747 781 reli
1775 737 1945 780 iosiffima
1955 739 2157 781 &sanctis-

1143 787 1257 838 fima,
1285 806 1332 832 ex
1343 805 1419 844 qua
1437 791 1587 833 tresille
1600 792 1741 833 liberos
1767 789 2154 840 uscepit,'Grimoal-

1142 841 1234 882 dum
1250 867 1265 889 ,
1295 845 1527 885 Gertrudem
1549 846 1590 885 ἃ
1612 847 1776 896 Beggam
1797 861 1807 881 .-
1843 858 1891 883 ex
1909 847 2040 895 Beggae
2060 858 2154 885 vero

1136 896 1176 934 &
1186 891 1355 946 Ansegifi
1364 899 1617 937 matrimonio
1627 897 1748 937 editus
1757 894 1808 937 est
1823 897 1977 943 Pipinus
1992 899 2120 940 iunior
2133 912 2149 943 a,

1134 949 1212 993 ejus
1233 951 1401 988 nominis
1413 947 1615 992 secundus5
1641 962 1689 988 ex
1714 947 1789 988 hoc
1810 949 1948 995 Pipino
1961 947 2155 989 Herestala

1134 997 1165 1039 li⁴
1180 1001 1302 1047 Pipini
1319 1014 1458 1048 nepote
1476 1004 1515 1040 &
1533 1000 1692 1049 Elpaide
1717 999 1934 1041 concubina
1951 1013 2061 1041 ortus
2079 999 2152 1040 fuit

1136 1050 1306 1092 Carolus
1317 1051 1380 1092 ille
1392 1053 1564 1093 Martelli
1574 1055 1814 1103 cognomine
1824 1050 1979 1102 insignis
1988 1077 2003 1100 ,
2031 1067 2056 1093 a
2068 1065 2151 1105 quo

1135 1106 1326 1154 progeniti
1353 1103 1440 1145 sunt
1467 1104 1637 1147 Carolus
1659 1104 1757 1145 alter
1778 1131 1791 1150 ‚
1823 1105 1864 1142 &
1884 1105 2150 1145 Caroloman-

1138 1169 1209 1195 nus
1230 1180 1246 1202 ,
1283 1158 1349 1206 qui
1374 1155 1676 1198 monachismum
1696 1156 1797 1206 apud
1827 1169 2003 1198 montem
2031 1153 2151 1198 Gaffi-

1139 1221 1232 1247 num
1253 1205 1319 1248 sub
1348 1206 1503 1248 Abbate
1532 1209 1764 1249 Petronaste
1792 1206 1971 1257 professus
1994 1207 2048 1249 est
2067 1233 2084 1256 ,
2113 1210 2155 1248 &

1140 1261 1296 1307 Pipinus
1314 1263 1471 1307 tertius,
1507 1263 1575 1311 qui
1604 1263 1775 1301 Franciae
1802 1273 1960 1310 regnum
1985 1260 2038 1301 est
2064 1260 2155 1300 ade-

1139 1323 1249 1360 ptus.
1276 1314 1390 1352 Hanc
1420 1311 1603 1353 illustrem
1625 1312 1896 1364 genealogiam
1915 1327 1963 1352 ex
1993 1311 2149 1353 Abbate

1139 1363 1341 1413 Stephano
1371 1362 1484 1406 refert
1511 1367 1700 1405 Batonius
1733 1378 1842 1403 anno
1871 1371 1959 1412 631.
1987 1378 2091 1404 num.
2113 1371 2150 1404 6.

1139 1415 1265 1456 Porro
1279 1417 1358 1456 Itta
1376 1417 1499 1465 Pipini
1528 1415 1686 1458 senioris
1704 1416 1821 1457 vidua
1851 1418 1940 1455 cuin
1961 1415 2152 1456 Gertrude

1136 1466 1218 1508 filia
1238 1466 1463 1509 Monastica}
1480 1471 1567 1512 vitae
1582 1467 1786 1509 se·addixit
1801 1496 1812 1506 .

1188 1535 1223 1560 2.
1249 1523 1510 1570 By'zantinum
1528 1522 1733 1569 Imperium
1752 1518 1938 1570 simulque
1962 1519 2154 1561 Catholi-

1135 1586 1223 1613 cam
1241 1574 1280 1612 in
1300 1575 1465 1614 Oriente
1497 1572 1724 1623 religionem
1746 1575 1921 1623 nequitia
1945 1572 2146 1622 Iustiniani

1135 1624 1382 1665 Rhinotmeti
1405 1621 1558 1675 ejusque
1584 1621 1837 1665 successorum
1864 1622 2116 1673 pessumdedit
2140 1655 2150 1665 .

1135 1675 1374 1725 Philippicas
1411 1673 1615 1727 postquam
1642 1675 1886 1717 Rhinotmeti
1912 1674 2066 1726 ejusque
2111 1674 2152 1715 si-

1136 1727 1231 1768 lium
1245 1728 1455 1778 Tyberium
1472 1728 1683 1780 iugulavit,
1711 1730 1994 1779 Imperiumque
2015 1727 2137 1770 assum

1142 1779 1211 1829 psit
1227 1805 1244 1828 ,
1281 1777 1474 1821 scelestum
1490 1782 1529 1820 &
1554 1780 1771 1824 haereticum
1801 1779 1995 1820 hominem
2026 1780 2153 1829 Regiae

1142 1833 1246 1872 urbis
1265 1832 1530 1873 patriarcham
1546 1830 1637 1872 fecit
1650 1858 1665 1880 ,
1694 1843 1880 1882 annoque
1898 1845 1986 1882 712.
2006 1831 2153 1872 sextam

1143 1884 1344 1936 synodum
1364 1883 1575 1934 proscripsit
1594 1909 1608 1930 ,
1647 1882 1890 1934 haeresimque
1912 1884 2155 1924 Monotheli.

1144 1950 1271 1976 tarum
1296 1935 1462 1986 sopitam
1483 1934 1718 1977 resuscitavit
1736 1965 1744 1974 .
1773 1934 1996 1978 Theodosio
2028 1935 2154 1976 Adra-

1142 2001 1323 2037 mytteno
1341 2002 1466 2029 rerum
1484 1992 1682 2038 potiente,
1709 1985 1918 2032 Musaimas
1942 1990 2153 2029 Saraceno-

1144 2054 1225 2081 rum
1245 2040 1425 2089 Princeps
1445 2044 1482 2080 in
1504 2039 1633 2080 Asiam
1650 2042 1813 2081 excurrit
1830 2065 1844 2089 ,
1884 2044 1924 2080 &
1945 2041 2153 2090 Cappado-

1143 2098 1244 2132 ciam
1262 2093 1410 2132 invadit
1434 2121 1444 2131 .
1483 2090 1654 2140 Depulsb
1681 2090 1904 2133 Theodosio
1921 2117 1936 2139 ,
1972 2091 2155 2136 Isauricus

1144 2145 1229 2186 Leo
1239 2157 1380 2194 genere
1391 2158 1502 2185 natus
1515 2143 1703 2192 obscure,
1723 2146 1927 2192 Imperium
1937 2146 2154 2194 capessivit²3

1143 2195 1211 2237 sub
1230 2200 1336 2245 cujus
1359 2197 1573 2245 primordio
1586 2199 1800 2238 Saracenos
1816 2197 2154 2249 Constantinopo-

79 2263 130 2291 ut
142 2249 272 2291 scribit
301 2249 435 2300 dignus
446 2243 642 2298 utriusque
669 2245 941 2288 collaborator
969 2249 1009 2286 δι
1034 2262 1122 2287 co·-
1141 2249 1209 2289 lim'
1230 2247 1446 2290 obsidentes
1466 2252 1717 2301 gravieorum
1729 2248 1839 2290 clade
1856 2252 2156 2300 profligavitan-

74 2316 160 2343 mes
181 2300 435 2350 Marcellinus
462 2302 504 2340 in
523 2298 716 2340 Suviberti
745 2301 858 2344 vita,
892 2300 932 2337 &
959 2299 1096 2338 exilio

73 2355 272 2395 ‘Baronius
307 2353 357 2393 ad
386 2365 536 2392 annum
578 2358 663 2399 695.
695 2364 800 2390 num.
836 2357 871 2390 6.
905 2349 946 2389 δι
971 2362 1008 2398 7.
1037 2352 1095 2390 Ex

72 2403 336 2445 Willebrordi
354 2404 556 2452 disciplina
583 2400 737 2453 insignis
764 2402 908 2451 prodiit
936 2400 1093 2449 discipu-

75 2457 137 2499 lus
155 2456 372 2497 Winstidus
382 2455 568 2496 Sacerdos
581 2454 681 2494 alter
692 2455 978 2495 Germanorum
988 2452 1096 2503 Apo⁴

71 2508 196 2549 stolus
215 2533 231 2556 ,
260 2511 328 2560 qui
358 2507 612 2558 Evangelium
638 2509 679 2546 in
707 2505 906 2547 ulteriores
933 2518 1092 2557 quoque

77 2562 304 2602 Germaniae
334 2561 559 2600 Provincias
588 2561 816 2609 propagavit
833 2583 849 2606 ,
873 2557 1092 2609 ⁴ascitoque

72 2626 186 2653 novo
206 2609 394 2653 Bonifacii
423 2613 581 2651 nomine
596 2608 835 2652 consecratus
852 2609 906 2651 est
924 2611 1092 2660 Mogun-

73 2662 234 2705 tinensis
254 2659 576 2712 Archiepiscopus
593 2681 605 2702 .·
632 2660 694 2703 sed
717 2662 802 2711 post
822 2662 974 2704 obitum
995 2662 1093 2702 Wil-

73 2715 272 2763 lebrordi,
300 2718 363 2756 cui
391 2718 539 2766 Sergius
568 2715 674 2763 Papa
703 2728 846 2754 nomen
873 2717 1092 2756 Clementis

75 2766 248 2808 {imiliter
266 2767 456 2808 indiderat
469 2792 484 2814 ,
516 2766 706 2808 stabilitus
715 2764 788 2807 fuit
805 2764 988 2808 secundus
999 2769 1093 2807 Tra-

78 2818 251 2870 jettenfis
267 2817 582 2869 Archiepiscopus
602 2843 616 2866 ,
644 2831 686 2859 ut
713 2817 820 2858 illam
849 2831 1009 2870 quoque
1038 2832 1092 2858 re-

75 2885 183 2923 geret
213 2870 505 2918 Praefed’curam,
534 2884 577 2911 ut
604 2869 773 2920 prodidit
796 2870 899 2911 idem
927 2870 1093 2912 Marcel-

74 2925 180 2966 linus
198 2952 208 2962 .
248 2922 313 2965 Ad
341 2922 478 2963 harum
494 2925 668 2973 gentium
694 2921 986 2964 conversionem
1013 2935 1094 2971 per-

76 2975 244 3018 multum
279 2975 453 3016 contulit
490 2974 644 3015 illustris
675 2976 854 3023 Princeps
887 2977 927 3015 &
963 2975 1091 3020 Major

72 3027 213 3068 domus
244 3024 311 3068 sub
332 3029 499 3068 Franciae
530 3026 697 3077 Regibus
714 3027 926 3075 Clotario,
954 3029 994 3067 δε
1011 3027 1090 3067 Da·

72 3078 244 3130 goberto
261 3103 277 3127 ,
304 3092 425 3131 atque
449 3081 544 3120 Dux
565 3078 754 3120 Neustriae
782 3081 939 3130 Pipinus
965 3078 1088 3118 dictus

73 3128 309 3172 Herestallus
322 3154 338 3179 ,
365 3134 433 3182 qui
454 3129 530 3172 fuit
558 3144 651 3171 avus
667 3130 826 3172 alterius
845 3132 970 3181 Pipini
986 3133 1089 3181 geui-

74 3185 173 3223 toris
194 3181 333 3223 Caroli
351 3182 548 3230 Martelli,
578 3186 617 3223 δε
634 3197 798 3232 proavus
826 3184 951 3230 Pipini
974 3207 988 3228 ,
1019 3184 1086 3233 qui

38 3238 42 3243 ⁴
72 3236 218 3283 primus
236 3236 313 3282 ejus
331 3235 453 3284 stirpis
474 3237 513 3275 δε
533 3238 700 3275 nominis
713 3233 900 3283 sceptrum
911 3237 1087 3274 Francici

74 3285 200 3337 Regni
220 3288 345 3325 tenuit
363 3313 374 3326 .
400 3287 503 3328 Cum
524 3290 628 3327 enim
657 3286 867 3327 Radbodus
887 3284 1086 3327 Frisonum

73 3336 159 3379 Rex
188 3334 408 3378 nascentem
431 3340 472 3378 in
501 3338 574 3379 illis
603 3340 701 3380 locis
727 3337 935 3379 Ecclefiam
962 3341 1088 3378 extin-

74 3401 188 3440 guere
202 3391 493 3437 contineretur,
520 3393 676 3439 Pipinus
689 3390 799 3431 illum
820 3392 1015 3431 Francicis
1031 3404 1088 3430 ar-

74 3446 145 3482 mis
157 3440 339 3488 Trnjedko
352 3442 390 3480 &
402 3441 511 3480 Frisia
521 3442 670 3492 expulit
679 3467 693 3490 ,
718 3455 840 3493 atque
851 3442 899 3481 ad
911 3443 1092 3482 remotio-

76 3507 154 3534 rem
175 3492 386 3543 quamdam
415 3490 583 3547 Insulam
602 3492 730 3544 fugere
753 3499 883 3545 coegit
904 3519 919 3541 ,
958 3507 1090 3541 praece-

76 3547 209 3597 pitque
222 3542 379 3584 subditis
390 3540 630 3595 fibiPaganis
647 3570 662 3592 ,
691 3561 740 3585 ne
753 3549 838 3596 quis
850 3546 1090 3594 praedicanti-

72 3594 145 3636 'bus
156 3593 348 3638 Christum
361 3594 573 3645 quidquam
585 3596 766 3637 molestiae
777 3597 934 3638 inferret
942 3615 956 3643 ‚-
968 3597 1091 3646 quod-

62 3658 230 3699 'cunque
250 3661 340 3690 vcro
359 3651 492 3697 potuit
510 3646 702 3697 praesidii,
738 3649 788 3690 ad
810 3651 888 3691 haec
910 3647 1093 3691 Ecclesia-

1143 2315 1200 2339 no
1216 2313 1302 2351 717·
1322 2301 1499 2351 idemque
1524 2304 1680 2342 Bezoris
1701 2315 1749 2342 ex
1768 2301 1992 2342 Christiano
2015 2302 2155 2342 Mahu-

1141 2356 1286 2392 metani
1311 2353 1478 2392 consiliis
1496 2353 1671 2393 addictus
1686 2378 1700 2399 a
1728 2365 1833 2393 anno
1854 2352 2150 2402 726.bellumin

1135 2404 1370 2445 Sanctorum
1387 2407 1571 2454 imagines
1592 2409 1735 2444 excivit
1754 2422 1763 2442 ε
1791 2417 1871 2454 quo
1885 2417 1950 2452 per
1968 2403 2148 2447 satellites

1135 2455 1222 2496 suos
1240 2469 1385 2495 aeneam
1394 2455 1540 2495 Christi
1550 2456 1712 2496 statuam
1723 2456 1856 2503 dejecit
1870 2485 1880 2494 .
1909 2458 2155 2500 Germanum

1136 2506 1507 2555 Constantinopolis
1537 2508 1803 2548 patriarcham
1834 2508 1965 2548 edicto
2002 2523 2143 2551 contra

1137 2561 1327 2611 Imagines
1349 2556 1579 2600 subscribere
1590 2561 1813 2602 renuentem
1829 2561 2020 2611 dignitate
2030 2575 2151 2603 remo.

1137 2625 1225 2658 vet,
1255 2609 1576 2662 subrogatoillius
1598 2615 1636 2651 in
1650 2611 1980 2653 sedemAnastafio
2002 2632 2013 2653 .-
2042 2617 2151 2655 omni

1135 2662 1225 2703 furit
1242 2666 1485 2703 immanitate
1506 2663 1683 2704 adversus
1701 2662 1956 2716 quoscunque
1976 2668 2147 2715 impieta-

1136 2730 1215 2757 tem
1234 2715 1343 2755 illam
1373 2713 1619 2763 aversantes,
1656 2716 1874 2758 venerabile
1905 2718 2146 2759 Studitarum

1135 2767 1360 2818 Collegium
1389 2767 1599 2818 Religionis
1630 2769 1811 2809 columen
1844 2794 1858 2816 ,
1904 2768 2147 2810 scientiarum

1134 2820 1441 2870 promptuarium
1461 2844 1476 2866 ,
1513 2819 1775 2860 dubitantium
1798 2823 1837 2860 &
1864 2819 2148 2862 consulentium

1134 2869 1319 2924 refugium
1341 2874 1380 2911 δέ
1398 2872 1600 2912 oraculum
1622 2898 1636 2919 ,
1666 2887 1743 2912 una
1764 2885 1852 2912 cum
1873 2870 2149 2920 instrudh'ffima

1132 2923 1378 2965 Bibliotheca
1393 2924 1537 2971 injectis
1548 2925 1707 2965 flammis
1720 2924 1987 2965 concremavit
1999 2955 2011 2963 .
2028 2925 2148 2981 Joan-

1135 2979 1175 3016 ni
1195 2973 1470 3022 Damascene,
1500 2976 1808 3024 percalumniam
1821 2976 2040 3021 dexteram,
2070 2990 2149 3034 qua

1134 3025 1452 3078 praestantiffimos
1473 3040 1543 3074 pro
1573 3025 1767 3067 sacrorum
1787 3031 1997 3077 imaginum
2027 3028 2150 3070 desen·

1132 3079 1237 3120 fione
1258 3079 1379 3119 libros
1406 3076 1626 3126 scripserat,
1653 3083 1844 3129 amputari
1863 3080 1974 3119 iecit.
2002 3081 2077 3123 Sed
2089 3086 2149 3122 vir

1130 3131 1295 3174 Sancstus
1314 3130 1389 3170 Dei
1412 3132 1612 3171 Genitrice
1631 3146 1765 3171 coram
1781 3129 1893 3179 ipsius
1914 3135 2151 3183 imaginein-

1131 3187 1312 3224 invocata
1338 3181 1530 3231 praecisam
1557 3196 1714 3223 manum
1736 3183 1922 3232 stupendo
1947 3186 2148 3225 miraculo

1133 3247 1374 3284 recuperavit
1390 3262 1400 3273 .

1184 3299 1218 3338 3.
1245 3286 1443 3328 Scelerato
1477 3286 1626 3334 parenti
1666 3288 1829 3336 nequior
1864 3283 2145 3337 succeffiepro.

1130 3338 1183 3380 les
1216 3337 1660 3380 Constantinusssdic‘tus
1695 3338 2008 3389 Coptonymus,
2048 3345 2143 3392 quia

1131 3391 1221 3431 dum
1249 3387 1517 3438 baptizabatur
1536 3414 1552 3436 ,
1590 3387 1737 3429 sacrum
1765 3389 1964 3431 lavacrum
1995 3396 2146 3433 ventris

1131 3441 1302 3483 sordibus
1336 3438 1656 3489 conspurcaverat
1683 3457 1695 3478 .·
1732 3453 1811 3492 qua
1837 3443 2041 3484 occasione
2076 3442 2145 3493 spi-

1135 3497 1212 3534 ritu
1247 3493 1478 3542 prophetico
1497 3518 1510 3539 ,
1550 3496 1617 3544 qui
1656 3505 1743 3532 eum
1783 3494 2011 3544 baptizabat
2033 3521 2048 3544 ,
2084 3510 2146 3535 va-

1135 3549 1320 3587 ticinatus
1362 3544 1414 3585 est
1464 3546 1682 3584 Germanus
1735 3545 1956 3588 Patriarcha
1989 3573 2004 3595 ,
2048 3544 2147 3586 futu-

1134 3611 1218 3638 rum
1246 3595 1460 3646 aliquando
1478 3620 1492 3642 ,
1530 3609 1571 3636 ut
1601 3594 1807 3637 Ecclesiam
1835 3597 1900 3639 illc
1928 3598 1999 3639 suae
2027 3597 2142 3637 sordi-

1134 3650 1205 3691 bus
1223 3650 1430 3697 impietatis
1444 3646 1609 3693 foedaret
1629 3676 1639 3688 .
1652 3649 1744 3741 YIste
1763 3663 1854 3690 vero
1874 3651 1923 3692 ad
1941 3662 2143 3742 pazernam

1743 3716 1763 3741 2
1969 3714 1992 3742 2
2021 3714 2098 3744 ver.
