2430 3958
736 47 753 59 Ι

320 172 746 258 Concilium
771 231 776 235 .
812 163 1356 273 Aurelianense
1389 172 1437 248 1.
1500 199 1618 280 an·
1652 200 1678 267 5
1711 203 1785 251 ii
1806 229 1822 244 .

95 291 268 342 proditio
302 288 350 337 ἐ,
378 291 418 329 iii
429 288 592 338 synodo
605 283 860 330 Cabilonensi
877 284 989 335 Regis
999 283 1104 328 Gun-

93 345 273 391 tranniju
346 353 597 386 convocata,
626 342 735 381 omni
746 335 1006 380 Ecclesiastico
1022 347 1104 385 gra-

92 395 145 437 du
157 397 436 444 exuti‚'‘inque
455 393 643 434 laicorum
665 391 839 432 ordinem
858 387 1027 435 redacti,
1053 399 1109 426 re·

91 446 183 489 trusi
192 447 280 488 sunt
297 447 338 486 in
347 458 570 495 perpetuam
590 443 824 485 custodiam.
986 450 1003 469 ⁹

145 513 206 551 27.
233 498 520 540 permultorum
533 499 775 545 Scriptorum
795 495 955 547 ingeniis
965 490 1105 542 gloria-

91 566 168 604 que
177 550 368 603 Saeculvum
389 549 486 590 istud
504 548 694 590 effloruit.
721 550 801 588 Hes
826 549 927 586 inter
947 557 1029 585 tum
1039 541 1106 582 do-

91 606 220 646 ctrina
240 628 256 651 ,
284 615 370 643 tum
386 600 590 644 sanctitate
610 603 697 646 vitae
715 625 731 647 ,
759 597 980 648 Fulgentius
999 591 1105 636 efful-

90 670 178 710 get,
209 653 452 706 Carthagine
481 669 588 696 ortus
607 679 622 702 ,
651 648 847 710 Ruspensis
874 646 1104 706 Episcopus.

89 709 295 751 Ennodius
313 710 431 747 etiam
456 706 690 751 Diaconus',
717 705 757 743 &
777 699 1023 750 postmodum
1039 699 1106 739 Ti-

90 758 252 806 cincnsis
270 757 430 807 Praesul,
460 762 527 810 qui
549 756 850 806 Apologeticum
867 766 940 801 pro
993 762 1105 791 uarta

90 812 258 863 Synode
288 811 465 851 Romana
491 811 610 851 edidit
631 833 646 855 ,
674 805 881 856 probatum
907 806 947 844 δε
991 801 1105 842 auda-

91 877 179 904 tum
205 862 344 904 deinde
372 866 411 903 in
441 866 580 914 quinta
607 861 784 900 Romana
806 854 972 908 Synode
991 880 1007 903 ,
1042 856 1103 914 cui

88 913 262 969 praesedit
270 913 376 962 Papa
394 911 666 966 Symmachus.
695 911 830 950 Petru's
844 909 1047 949 Diaconus
1059 905 1104 946 li-

90 967 203 1008 brum
212 965 354 1015 scripsit
365 966 413 1008 de
430 966 701 1013 incarnatione
713 963 752 1002 &
761 962 887 1012 gratia
897 957 1043 1003 Christi
1055 957 1104 999 ad

89 1018 265 1061 sanetum
274 1018 518 1071 Fulgentium
526 1042 541 1065 ,
569 1019 608 1056 &
617 1016 716 1056 alies
729 1011 864 1055 Africae
875 1009 1084 1060 Episcopes
1094 1038 1105 1050 .

89 1071 303 1114 Ferrandus
331 1072 532 1112 Diaconus
543 1063 859 1118 Carthaginenfis
872 1063 1001 1105 iisdem
1012 1076 1105 1104 tem·

88 1123 248 1174 peribus
269 1121 515 1163 elucubravit
545 1121 815 1169 paraeneticum
838 1116 887 1157 ad
914 1116 1104 1167 Reginum

87 1176 317 1222 Comitem,
344 1176 386 1214 &
404 1172 583 1222 epistolas
606 1171 791 1222 aliquot,
816 1168 933 1210 breve
951 1171 1104 1217 insuper

86 1226 360 1276 compendium
379 1221 574 1265 sacrorum
585 1224 821 1264 Canonum.
852 1219 1103 1262 Marcellinus

91 1280 244 1321 ‘Comes
265 1280 306 1318 in
326 1276 581 1317 lucememisit
598 1274 845 1318 Chronicum
858 1272 1103 1319 historicum,

91 1330 202 1384 quod
225 1327 480 1383 prosequutus
496 1327 549 1368 est
570 1328 620 1368 ad
638 1340 788 1368 nonum
806 1325 1010 1375 Iustiniani
1037 1339 1104 1364 an-

88 1397 182 1424 num
198 1406 214 1431 ,
251 1383 320 1433 qui
339 1380 393 1422 est
418 1379 563 1424 Christi
596 1391 683 1430 535.
703 1381 879 1429 Eamque
906 1377 1102 1417 historiam

87 1434 300 1476 admodum
326 1432 462 1474 laudat
487 1431 735 1474 Cassiodorus
765 1430 830 1470 lib.
862 1429 908 1471 de
949 1431 1104 1471 Divinis

87 1485 324 1528 lectionibus
353 1498 438 1534 cap.
470 1498 528 1536 17.
553 1484 728 1539 Joannes
755 1485 980 1533 Maxentius
1014 1495 1094 1521 mo·

90 1537 267 1587 nachus,
295 1541 335 1581 &
355 1551 398 1579 ut
408 1537 577 1579 creditur
596 1536 799 1586 Presbyter
810 1533 1101 1581 Antiochenus,

82 1588 225 1640 scripsit
240 1604 381 1632 centra
389 1586 603 1632 Hormisdae
623 1585 826 1629 Pontificis
844 1585 1041 1637 epistelam
1053 1585 1102 1626 ad

84 1639 334 1684 Peffesserem
355 1640 587 1692 Episcopum
608 1638 861 1687 Africanum,
889 1653 1034 1689 negans
1054 1638 1098 1679 il-

11 1742 14 1744 ,
82 1694 165 1736 lam
182 1692 254 1736 esse
271 1692 509 1742 Hormisdae,
538 1708 588 1735 ne
610 1693 805 1734 videretur
822 1693 982 1735 Summo
1001 1693 1102 1731 Pon-

13 1772 15 1801 ᾗ
82 1745 181 1788 tifici
203 1745 395 1789 adversari
418 1771 434 1795 ,
469 1759 559 1787 cum
579 1758 711 1786 revera
741 1747 871 1795 negari
890 1740 1101 1793 nonposiit

14 1838 15 1841 ,
82 1796 420 1842 esseHormisdam
447 1796 548 1839 illius
573 1797 772 1838 aucstorem
793 1825 802 1836 .
838 1795 917 1837 Illo
945 1795 1101 1846 quidem

16 1899 17 1902 Ἴ
83 1849 225 1902 scripto
254 1852 480 1893 Maxentius
506 1850 584 1891 hoc
620 1852 783 1890 nomine
805 1847 958 1889 laudem
986 1861 1101 1887 mere-

14 1908 17 1909 ’
83 1915 171 1951 tur,
202 1907 296 1954 quia
313 1902 492 1944 Faustum
509 1904 550 1943 &
578 1901 807 1953 Pelagianos
825 1902 973 1951 egregie
994 1896 1101 1939 refel-

77 1954 133 1996 1it
153 1968 202 1995 ex
231 1952 434 2008 Augustini
461 1953 568 1994 libris
587 1982 597 1991 .
633 1955 788 1994 Boetius
815 1953 1016 1993 Severinus
1043 1953 1101 1990 v‘it

71 2004 302 2052 clarissimus
321 2030 337 2054 ,
378 2016 427 2047 ex
446 2007 742 2056 Torquaterum
771 2000 1000 2043 nobiliffima
1015 2016 1101 2051 pro.

34 2073 53 2107 n
78 2055 188 2109 sapia
208 2060 378 2100 Senator
395 2060 436 2099 δε
462 2055 694 2100 Consularis
716 2079 732 2104 ,
768 2054 960 2103 permulta
980 2054 1028 2094 de
1045 2068 1099 2095 re-

15 2130 16 2137 *
41 2112 54 2127 ”’
82 2109 156 2154 bus
181 2105 466 2160 philosophicis
477 2107 776 2160 &Theologicis
788 2107 991 2147 volumina
1006 2121 1101 2147 con-

76 2163 180 2206 didit
208 2166 406 2213 praecipuae
433 2165 474 2204 δι
500 2158 670 2202 sublimis
695 2159 923 2201 eruditionis
939 2187 950 2198 .
986 2161 1098 2200 Vixit

17 2231 19 2234 ⁴
77 2213 149 2258 'sub
168 2216 423 2257 Theoderico
447 2212 571 2256 Italiae
590 2227 676 2264 rege
695 2237 711 2260 ,
741 2226 764 2252 a
783 2225 865 2262 que
888 2223 1015 2252 morte
1033 2214 1099 2251 im-

77 2270 220 2309 merita.
251 2266 461 2309 damnatus
495 2264 549 2307 est
569 2293 580 2305 .
615 2262 827 2316 Dionysius
861 2266 1099 2315 cognomine

79 2321 275 2370 Exiguus,
303 2322 468 2361 natione
477 2316 627 2369 Scytha
638 2342 653 2365 ,
681 2319 824 2358 meritis
840 2315 1028 2356 doetrinae
1044 2327 1099 2356 at-

80 2384 160 2465 ῗῖιιε
180 2374 337 2421 pietatis
356 2385 449 2413 vere.
464 2384 626 2421 magnus
638 2394 653 2417 ,
683 2366 919 2423 temporibus
937 2379 1098 2418 quoque

126 2427 203 2476 egis
217 2422 454 2466 Theoderici
463 2424 612 2471 floruit,
621 2422 792 2472 Cyclum
805 2420 1023 2460 Paschalem
1033 2434 1098 2460 an·

73 2490 138 2520 no
157 2488 246 2527 527.
266 2479 497 2527 contexuit,
526 2488 608 2525 quo
627 2473 764 2522 rejesta
786 2472 1098 2513 dinumeratione

83 2526 250 2578 profana
278 2542 475 2570 annorum
497 2526 769 2574 Diocletiani,
804 2539 932 2565 annos
946 2522 1100 2565 censere

74 2583 200 2632 toepit
218 2580 270 2622 ab
293 2582 571 2622 Incarnatione
594 2580 757 2619 Domini
776 2577 903 2633 JESU
926 2576 1071 2618 Christi
1088 2605 1099 2616 .

23 2649 25 2673 1
78 2631 241 2682 Scripsit
251 2635 369 2674 etiam
386 2626 579 2673 sacrorum
590 2633 803 2673 Canonum
821 2628 1099 2670 collectionem
1111 2676 1113 2679 .

23 2682 26 2728 ¹:
75 2699 129 2728 cx
139 2685 334 2727 Conciliis
345 2681 519 2726 Ecclefiae
527 2708 543 2731 ,
564 2697 732 2736 quorum
743 2695 817 2734 que
829 2683 955 2732 Grgca
964 2695 1074 2722 erant
1082 2705 1098 2728 ,

74 2737 225 2781 *Latina
245 2735 311 2778 sua
339 2735 599 2778 translatione
627 2734 831 2776 illustravit
850 2751 864 2780 ‚-
898 2746 1014 2784 quem
1033 2747 1097 2783 pe.

24 2836 27 2847 Χ
74 2787 156 2832 stea
173 2791 318 2831 imitati
345 2787 432 2830 sunt
450 2787 611 2830 Isidorus
627 2813 643 2835 ,
678 2789 875 2829 Martinus
894 2788 1099 2827 Bracaren.

23 2860 28 2899 g
74 2839 149 2890 fis,
177 2839 440 2890 Cresconius,
469 2839 842 2892 aliiqueCanonum
865 2837 1099 2890 compilato-

22 2914 28 2919 «
75 2907 136 2935 res
154 2920 165 2932 ·
198 2894 341 2937 Vkstor
358 2892 565 2934 Africanus
591 2891 802 2942 Episcopus
831 2891 972 2932 librum
997 2904 1100 2941 egre-

24 2963 30 2992 }
75 2948 180 2998 gium
204 2949 460 2987 concinnavit
487 2945 534 2986 de
566 2943 784 2986 rationibus
808 2941 897 2985 fidei
916 2942 1100 2987 Catholi-

75 3011 153 3045 cae,
179 2998 230 3040 ad
248 3001 519 3040 Hunnericum
539 2999 576 3036 V
578 2995 808 3038 andalerum
829 2996 973 3046 Regem
986 3019 1002 3042 ,
1029 2998 1099 3036 cir-

23 3097 24 3100 *
74 3063 125 3090 ca
151 3064 298 3092 annum
326 3062 412 3101 530.
439 3048 623 3091 Aurelius
647 3047 898 3090 Calliodorus
927 3050 1098 3090 Senator

14 3119 31 3133 π
75 3097 175 3151 Regi
193 3103 446 3146 Theoderico
462 3101 512 3142 ab
540 3101 709 3151 epistolis
726 3099 822 3149 suit,
850 3114 932 3152 quo
951 3113 1098 3149 tempo·

23 3160 25 3165 ’
73 3167 116 3195 re
134 3152 273 3202 scripsit
290 3154 537 3204 epistolarum
562 3154 683 3195 libres
708 3153 914 3194 duodecim
930 3177 945 3200 ,
972 3151 1099 3195 Chre·

76 3208 200 3249 nicon
216 3208 333 3247 etiam
350 3208 462 3248 breve
482 3222 506 3248 a
526 3207 661 3248 mundi
680 3205 843 3247 exordio
859 3205 910 3246 ad
930 3207 996 3244 sua
1006 3218 1099 3245 tem.

80 3270 181 3307 pora
199 3281 215 3305 ,
252 3256 447 3311 librosque
475 3260 681 3300 duodecim
706 3258 752 3299 de
782 3258 1011 3299 Gothorum
1037 3271 1097 3308 ge·

35 3363 36 3366 Ἴ
77 3309 173 3358 stis,
208 3322 308 3360 ques
333 3313 373 3352 in
402 3314 600 3360 epitomen
628 3310 844 3360 jornandes
868 3314 1069 3351 contraxit
1088 3339 1098 3349 .

15 3367 38 3414 ιζ
75 3361 160 3414 Qi
177 3361 277 3401 idem
288 3361 534 3405 Cassiodorus
547 3362 671 3411 factus
681 3363 828 3403 deinde
848 3360 1070 3403 Monachus
1080 3387 1095 3409 ,

35 3420 40 3472 l
75 3412 176 3455 duos
204 3411 420 3473 composuit
443 3414 564 3471 lib‚res
595 3416 642 3456 de
661 3414 974 3456 Institutienibus
1005 3415 1098 3455 divi-

37 3474 39 3520 ξ
81 3479 216 3507 narum
235 3465 467 3507 Lectionum
482 3492 498 3515 ,
526 3471 565 3509 δι
583 3471 624 3508 in
642 3465 868 3508 psalterium
885 3491 900 3514 ,
928 3468 967 3506 δε
989 3467 1097 3507 Can-

37 3531 41 3577 }
76 3520 158 3559 tica
198 3517 459 3576 Canticorum
497 3522 799 3560 commentarios
824 3547 835 3558 .
881 3518 1094 3560 Historiam

37 3580 42 3630 g
76 3580 261 3619 praeterea.
278 3572 514 3621 tripartitam
529 3585 579 3613 ex
602 3570 709 3616 libris
728 3574 901 3615 Socratis
920 3595 936 3620 ,
968 3570 1096 3614 Theo-

1949 198 2083 265 205

1146 283 1266 326 deriti
1282 310 1298 334 ,
1333 288 1372 327 &
1391 286 1601 327 Sozomeni
1628 299 1695 336 per
1714 283 1980 338 Epiphanium*
1996 283 2157 328 schola-

1147 334 1281 394 sticum
1303 339 1324 380 ὲ
1346 340 1483 388 Graece
1503 339 1543 376 in
1563 338 1748 380 Latinum
1766 335 1959 379 conversis
1979 360 1989 380 ε
2018 339 2158 379 Prima.

1141 385 1217 430 {ius
1236 387 1449 439 Episcopus,
1457 387 1659 430 Africanus
1689 388 2043 444 Constantinopoli
2058 386 2159 439 suit,

1146 454 1234 481 cum
1265 447 1406 493 quinta
1431 439 1485 480 ibi
1511 442 1692 491 Synodus
1720 441 2157 483 oecumenicaoeelebra·

1148 505 1252 552 retur
1268 520 1282 541 ,
1318 508 1359 535 ut
1394 506 1443 534 ex
1470 487 1637 535 secunda
1663 492 1831 543 ejusdem·
1859 495 2009 544 Synedi
2035 492 2157 536 colla-

1148 557 1258 604 tione
1290 545 1445 598 liquet,
1481 544 1544 587 hic
1573 547 1613 588 in
1639 545 1817 594 epistolas
1852 547 1986 589 Sancti
2015 545 2158 594 Pauli,

1145 599 1186 636 δε
1211 612 1249 637 in
1287 595 1560 648 Apocalypsim
1588 601 1872 641 commentaria
1899 596 2122 649 conscripsit
2145 598 2158 636 .’

1145 650 1337 691 Martinus
1372 653 1535 699 primum
1571 649 1788 692 Dumienfis
1814 651 2044 692 Monasterii
2078 648 2158 691 Ab·

1144 700 1213 742 bas
1234 726 1248 749 ,
1276 702 1414 744 deinde
1441 699 1617 742 Ecclesiae
1644 701 1883 744 Bracarensis
1920 701 2156 751 Episcopus,

1144 752 1312 803 praesedit
1340 751 1532 809 Concilio
1560 753 1778 797 Bracarenfi
1800 780 1815 803 ,
1843 755 1953 807 quod
1980 753 2159 802 habitum

1144 805 1197 846 est
1218 822 1292 848 aera
1319 815 1405 848 610.
1433 805 1482 847 id·
1499 804 1548 847 est
1575 820 1683 847 anne
1713 808 1877 849 Domini
1905 819 1992 858 572.
2023 801 2163 848 Cano*-⁶

1145 873 1238 900 num
1261 860 1540 900 collectionem
1574 859 1803 906 compilavit
1842 875 1891 901 ex
1919 861 2063 900 Graecis
2090 859 2160 908 Sy-

1145 912 1282 959 nodis,
1310 915 1415 960 cujus
1432 909 1650 958 scriptionis
1664 915 1839 954 meminit
1852 910 2016 953 Isidorus
2027 914 2068 952 in
2081 909 2159 951 Ca·

1144 963 1281 1015 talege
1308 967 1549 1014 Scriptorum
1568 962 1916 1006 Ecclcfiasticorum
1942 978 2027 1013 cap.
2047 964 2157 1006 22.&

1143 1015 1246 1058 libre
1274 1017 1320 1058 de
1342 1015 1644 1069 virisillustribus
1660 1030 1743 1066 cap.
1774 1029 1834 1067 35.
1863 1018 2075 1058 Gratianus
2090 1013 2160 1057 sre—

1143 1081 1310 1121 quenter
1331 1068 1440 1109 illum
1459 1067 1605 1119 allegat
1622 1082 1688 1116 per
1715 1082 1886 1110 errorem
1905 1066 1970 1109 sub
2000 1070 2160 1110 nemine

1143 1124 1306 1163 Martini
1334 1122 1441 1170 Papae
1458 1150 1469 1160 .
1504 1119 1679 1173 Joannes
1708 1123 1911 1169 Climacus
1935 1124 2083 1175 eximiae
2100 1120 2162 1160 de·

1144 1176 1315 1215 vetionis
1336 1172 1553 1214 Manachus
1574 1198 1589 1221 ,
1617 1187 1733 1216 autor
1747 1173 1822 1218 suit
1849 1174 1936 1216 libri
1955 1173 2076 1216 Scalie
2098 1175 2162 1225 tri7

1142 1230 1254 1281 ginta
1281 1226 1467 1277 graduum
1485 1250 1500 1272 ,
1544 1224 1686 1276 quibus
1714 1227 1764 1267 ad
1794 1224 2001 1277 perfectam
2036 1228 2159 1266 vitam

1142 1279 1415 1319 conscenditur
1434 1303 1449 1325 ,
1489 1279 1591 1319 unde
1627 1278 1684 1319 illi
1708 1279 1852 1320 Climac't
1887 1292 2032 1319 nomen
2064 1277 2160 1318 indi-

1143 1344 1227 1372 tum
1250 1358 1260 1369 .
1297 1333 1416 1372 Hunc
1434 1329 1618 1371 nonnulli
1634 1328 1806 1372 referunt
1830 1330 1881 1371 ad
1898 1344 2047 1373 annum
2068 1340 2157 1379 340.

1143 1383 1252 1436 quod
1270 1381 1524 1433 improbabile
1544 1382 1620 1430 est,
1649 1395 1734 1424 tum
1750 1386 1842 1434 quia
1863 1397 1933 1423 nec
1954 1380 2028 1431 ipse
2042 1406 2057 1428 ,
2087 1394 2158 1426 nec

1144 1435 1245 1478 ullus
1255 1449 1426 1477 veterum
1437 1434 1514 1477 hoc
1524 1433 1708 1483 insinuat,
1723 1448 1807 1475 tum
1817 1438 1909 1486 quia
1919 1437 1957 1474 in
1971 1433 2105 1474 eodem
2117 1431 2163 1471 li-

1143 1488 1215 1530 bro
1227 1490 1400 1529 meminit
1415 1490 1586 1530 neminis
1597 1486 1718 1528 saneti·
1732 1485 1896 1528 Abbatis
1911 1485 2047 1528 Sabbae
2058 1510 2073 1532 ,
2091 1487 2159 1535 qui

1142 1540 1209 1583 sub
1236 1543 1403 1590 Imperio
1430 1539 1636 1595 Justiniani
1665 1540 1798 1580 floruit
1814 1564 1830 1586 ,
1867 1542 1906 1580 δε
1924 1538 2022 1579 obiit
2046 1566 2055 1577 .
2093 1536 2160 1578 Ci-

1144 1607 1250 1635 tatur
1279 1593 1480 1635 Climacus
1511 1607 1534 1633 a
1564 1591 1779 1639 Dorothco
1806 1590 2120 1632 Archimandrita
2146 1613 2161 1636 ,

1143 1649 1209 1698 qui
1239 1643 1432 1696 sermones
1458 1647 1771 1696 vigintiquatuor
1795 1643 1916 1685 edidit
1935 1667 1951 1690 ,
1986 1645 2164 1692 vixitque

1141 1699 1192 1740 ad
1207 1711 1354 1739 annum
1380 1697 1545 1742 Domini
1569 1705 1653 1743 560.
1679 1698 1900 1738 Venantius
1921 1697 2162 1735 Fortunatus

1142 1748 1351 1800 Episcopus
1376 1746 1650 1796 Piffaiviensis,
1678 1750 1812 1789 floruit
1834 1749 2017 1790 doctrina
2035 1744 2164 1787 &sam

1141 1804 1330 1844 &timonia
1357 1803 1533 1850 tempere
1563 1799 1702 1844 Iustini·
1726 1803 1916 1849 junioris,
1945 1799 2167 1841 SandtiHi-

1141 1855 1228 1896 larii
1249 1857 1392 1900 vitani,
1423 1851 1600 1901 Episcopi
1632 1850 1903 1899 Pic‘cavienfis,
1932 1848 2094 1898 scripsit,
2123 1852 2163 1890 δε

1140 1910 1343 1958 Hymnes,
1372 1918 1473 1956 quos
1503 1903 1789 1946 intercelebres
1818 1907 1859 1944 in
1871 1898 2163 1949 Ecclesiasunt,

1140 1958 1273 2003 Vexilla
1292 1958 1396 2016 Regis
1410 1975 1424 2003 ,-
1449 1955 1494 1997 ὅ(
1507 1962 1580 1997 Pan
1602 1973 1621 1995 e
1638 1956 1775 2011 lirgua,
1803 1957 1851 1998 de
1863 1953 1998 1996 sancta
2008 1955 2139 1996 Cruce
2157 1981 2168 1992 .

1141 2011 1560 2063 GregoriusTuronen
1578 2025 1608 2052 is
1637 2008 1847 2059 Episcopus
1872 2008 1973 2049 istud
2000 2020 2164 2058 quoque

1140 2064 1331 2106 Saeculum
1344 2062 1380 2109 il
1454 2062 1578 2110 ravit,
1606 2075 1690 2103 tum
1707 2061 1880 2109 scriptis,
1909 2074 1992 2101 tum
2014 2062 2164 2112 eximiis

1140 2119 1328 2159 virtutum
1338 2119 1378 2165 iii
1405 2161 1408 2165 A
1421 2117 1485 2162 itis
1494 2144 1504 2155 .
1535 2118 1622 2163 Ejus
1634 2113 1863 2166 Operxsunt
1874 2113 1963 2161 libri
1972 2112 2105 2169 decem
2115 2111 2162 2152 de

1138 2167 1566 2215 historiaFnancerum,
1595 2167 1750 2209 unusde
1761 2166 1887 2217 gloria
1909 2167 2131 2215 Martyrum
2145 2189 2158 2210 ‚

1137 2221 1217 2262 duo
1243 2221 1290 2262 de
1309 2217 1436 2275 glo'iia
1454 2217 1755 2266 Confessaeriims
1784 2233 1881 2260 unus
1902 2219 1948 2263 de
1971 2216 2163 2272 miraculis

1138 2269 1263 2314 sancti
1284 2273 1432 2328 Juliani
1455 2298 1469 2319 ,
1508 2274 1546 2312 δε
1565 2272 1803 2325 quatuordc
1824 2271 2018 2311 miraculis
2039 2269 2161 2308 sancti

1139 2327 1303 2367 Martini
1324 2343 1336 2364 .·
1372 2325 1551 2375 diemque
1582 2325 1680 2365 obiit
1705 2328 1917 2365 extremum
1945 2337 2054 2364 anne
2078 2329 2166 2374 596.

1138 2379 1298 2419 Summe
1309 2375 1473 2426 Ecclesic
1482 2390 1715 2418 ornamento
1726 2375 1798 2426 fuit
1812 2377 2027 2426 Gregorius
2038 2376 2156 2415 Ponti
2164 2413 2172 2417 -

1138 2426 1200 2470 fex
1209 2429 1297 2470 vere
1307 2430 1474 2479 Magnus
1483 2451 1497 2475 ,
1507 2426 1618 2469 sacrae
1632 2429 1819 2469 dectrinae
1829 2425 2165 2476 splendidissimum

1138 2482 1248 2531 jubar
1262 2507 1276 2530 ³
1305 2493 1426 2532 atque
1438 2483 1625 2522 virtutum
1649 2483 1828 2527 omnium
1845 2477 2167 2519 absolutissimum

1138 2533 1336 2583 exemplar
1355 2558 1371 2582 ,
1398 2535 1503 2580 cujus
1524 2532 1715 2574 librorum
1735 2531 1966 2582 superfluum
1992 2533 2044 2572 est
2067 2531 2163 2572 indi-

1138 2601 1223 2627 cem
1243 2600 1398 2632 texere,
1426 2598 1514 2625 cum
1534 2583 1606 2626 sint
1627 2586 1722 2626 Sole
1743 2583 1824 2634 ipso
1846 2585 2029 2625 clariores
2048 2611 2058 2622 .
2096 2585 2164 2626 Vi-

1138 2651 1221 2679 tam
1237 2635 1509 2678 sanctissimam
1528 2638 1714 2685 produxit
1731 2638 1779 2679 ad
1801 2651 1949 2678 annum
1967 2645 1990 2677 6
1998 2649 2054 2685 >4-
2081 2649 2164 2687 quo

1139 2691 1189 2731 ad
1208 2694 1360 2739 praemia
1375 2688 1539 2732 caelestia
1557 2689 1731 2732 evolavit
1744 2718 1753 2729 .

1139 2794 1281 2844 aazias
1294 2775 2008 2844 asuaaeasaffltiaeafflaaa
2019 2793 2165 2845 utus

1163 2897 1513 2936 CONCILIUM
1545 2893 2130 2934 AURELIANENSE

1473 2949 1625 2995 primum
1639 2948 1728 2984 anni
1745 2957 1763 2991 5
1776 2955 1790 2980 1
1803 2956 1832 2980 1-

1139 3058 1165 3081 1.
1268 3047 1331 3082 Uae
1343 3050 1384 3081 ad
1404 3048 1550 3091 Ligerim
1567 3057 1700 3081 amnem
1717 3045 1773 3079 sita
1783 3044 1898 3079 civitas
1917 3054 2052 3078 vocatur
2068 3057 2087 3078 a
2100 3044 2165 3088 Ju-

1280 3090 1328 3123 lio
1339 3088 1458 3134 Cesare
1469 3114 1482 3131 ,
1503 3089 1640 3131 aliisque
1650 3087 1757 3130 priscis
1767 3087 1981 3128 Scriptoribiis
1991 3087 2163 3126 Cenabum,

1137 3144 1261 3166 nomen
1279 3132 1390 3207 Restea
1410 3131 1538 3174 sumpsit
1556 3133 1727 3167 ⁴Aureliani
1744 3154 1752 3161 .
1776 3129 1826 3162 Ex
1844 3141 1913 3170 que
1934 3138 2045 3162 autem
2063 3128 2165 3162 Fran—-

1136 3185 1251 3208 corum
1313 3185 1351 3206 ex
1386 3173 1590 3208 Clodovaeus
1627 3172 1780 3204 abdicato
1819 3170 1974 3204 inanium
2010 3173 2157 3204 deorum

1136 3218 1228 3250 cultu
1246 3226 1301 3262 per
1326 3215 1520 3261 Remigium
1550 3212 1749 3255 Episcopum
1769 3212 1858 3258 sacro
1885 3212 1978 3246 sonte
1997 3212 2129 3246 ablutus
2147 3235 2159 3251 ,

1136 3257 1312 3290 vietoriam
1339 3256 1474 3291 subinde
1501 3256 1659 3290 illustrem
1678 3256 1717 3287 de
1743 3255 1883 3288 Alarico
1910 3253 2162 3296 Visigothorum

1137 3299 1250 3346 Rege,
1272 3297 1415 3344 quemin
1434 3299 1504 3332 acie
1523 3297 1632 3339 suapte
1653 3307 1752 3343 manu
1776 3295 1913 3342 peremit
1931 3319 1941 3335 ,
1963 3294 2159 3337 reportavit:

1137 3342 1219 3375 nihil
1239 3350 1326 3385 prius
1344 3349 1399 3385 aut
1425 3340 1591 3382 antiquius
1620 3349 1736 3372 animo
1757 3337 1866 3371 habuit
1885 3361 1896 3377 ,
1927 3349 2032 3379 quam
2058 3347 2095 3371 ut
2115 3336 2164 3370 s'a-

1136 3393 1254 3418 crama
1266 3382 1296 3414 se
1307 3380 1484 3423 susceptam
1501 3380 1695 3423 religionem
1707 3387 1918 3421 propagaret,
1940 3378 2165 3420 disciplinam-

1138 3436 1203 3468 que
1214 3422 1363 3457 Ecclesiae
1382 3422 1563 3464 perEpis'co
1587 3433 1683 3468 orum
1692 3421 1830 3455 comitia
1850 3420 2062 3454 instauraret.
2084 3421 2162 3454 Hoc

1138 3468 1203 3500 fine
1213 3475 1394 3498 convenere
1403 3464 1535 3507 triginta
1579 3463 1796 3509 piscepiapud
1806 3462 2046 3502 Aurelianum,
2069 3463 2163 3503 Sym-

1140 3509 1260 3541 macho
1270 3507 1402 3539 clavum
1411 3515 1539 3548 regente
1550 3505 1741 3538 universalis
1752 3503 1901 3538 Eccleflae
1911 3528 1922 3543 ,
1933 3515 2022 3537 anno
2034 3516 2051 3536 a
2065 3503 2162 3536 Chri-

1137 3551 1186 3582 ste
1211 3556 1280 3590 511.
1299 3547 1450 3590 quamvis
1478 3546 1638 3580 Batonius
1655 3548 1697 3579 ad
1723 3557 1846 3580 annum
1874 3549 2110 3587 praecedentem
2130 3543 2163 3577 id

1137 3589 1252 3625 referat
1272 3612 1284 3629 ‚
1317 3598 1416 3630 atque
1434 3589 1534 3633 etiam
1562 3597 1637 3622 ante
1664 3586 1908 3662 Volcadesnsem
1933 3598 2008 3622 cum
2025 3585 2162 3660 Alarico

2003 3637 2066 3661 con
2093 3636 2121 3658 i-
