2430 3958
639 176 641 178 ’
672 158 1055 245 Histoi-ica
1110 154 1446 276 Synopfis
1463 224 1481 241 .

80 281 353 340 quae'tandem
377 292 598 333 expugnata
624 277 684 324 iili
721 281 777 323 in‘v
797 277 1001 327 praemunt
1021 273 1100 320 fot·

78 336 255 380 titudinis
281 332 407 378 :essim
432 330 669 379 Godefridus
697 329 987 388 Jerosolymam
1013 325 1110 373 san-1

75 390 182 431 ecam
207 383 613 433 civitatem=.obsidet,
642 387 752 428 omni
782 394 864 432 ope
884 378 1108 429 defensam,

79 437 299 493 primusque
325 450 478 484 murum
503 435 742 484 transcendit
759 461 776 485 ς
812 433 951 495 reliqui
979 431 1099 480 bella·

75 507 182 537 tores
210 493 324 536 ilium
358 489 515 546 sequuti
556 490 689 535 vivido
717 492 865 548 impetu
892 501 936 529 m
961 484 1107 548 urbem·

75 549 296 597 irrumpunt
314 570 331 594 a
370 547 411 591 δε
435 545 627 597 capiunt:
663 541 886 586 Bullionius
916 535 1095 599 Godefri·

75 599 147 640 dus
176 600 352 642 unanimi
379 593 566 641 consensu
591 585 680 640 Rex
714 591 950 652 salutamus}
977 601 1103 650 quem

76 652 237 694 titulum
266 649 440 695 modeste
468 647 639 695 recusat,
668 660 741 688 nec
767 642 1011 687 coronaris«
1030 656 1098 692 pa-

77 705 176 746 titur
204 706 245 747 in
272 708 321 746 'ea
346 716 391 745 ut
418 701 575 748 dicebat
603 699 727 747 urbe,
757 700 796 741 in
824 709 904 749 qua
928 695 1011 755 Reii
1039 709 1097 736 re-

75 768 166 806 gum
202 753 218 795 s
244 758 374 799 ineam
414 748 1097 808 coronamv,crudelernque&1gn0-

75 810 200 849 minio
218 821 283 852 am
307 821 474 852 mortem
501 803 692 856 subierat·
716 801 888 853 AEgypti
905 799 1095 844 Sultanus

76 863 278 910 ingentem
305 856 587 910 conscripserat
612 857 826 899 exercitum
852 866 900 897 ex
934 864 1095 897 centum

76 914 257 963 equitum
285 911 484 960 millibus,
511 903 718 967 multoque
744 907 892 966 majore
919 904 1095 966 peditum

76 978 239 1006 numero
251 989 266 1013 ,
294 978 377 1018 quo
395 963 647 1008 Christianos
670 959 721 1004 ad
740 970 878 1008 viginti
896 956 1022 998 millia
1041 971 1096 998 re-

35 1054 52 1059 s
79 1017 214 1059 dactus
241 1015 458 1062 conficeret
491 1029 540 1060 ac
574 1013 853 1059 exterminaret
873 1038 884 1053 ,
920 1009 995 1055 Sed
1012 1010 1095 1051 Go-

76 1068 245 1111 destidus
281 1072 434 1120 ingenti
470 1069 592 1112 animi
637 1063 780 1124 robore
805 1059 1093 1127 §confirmatum

76 1122 243 1167 militem
262 1122 409 1167 eduxit
436 1123 478 1164 in
506 1121 630 1163 aciem
657 1129 826 1160 ommno
853 1114 1096 1174 palmariam

77 1187 158 1225 qua
186 1171 316 1216 occisa
342 1175 433 1216 sunt
460 1183 619 1217 centum
648 1168 815 1213 hostium
836 1166 998 1225 millia,
1025 1181 1095 1208 cae-

77 1229 168 1270 teris
196 1239 340 1279 magna
365 1238 415 1267 ex
442 1235 551 1274 parte
579 1221 715 1267 sauciis
743 1222 783 1261 in
801 1216 941 1280 'fugam
966 1220 1095 1268 actis,

71 1291 122 1318 ac
160 1290 250 1318 tota
277 1275 482 1320 Palaestina
520 1275 663 1319 victori
702 1271 851 1317 subdita
885 1274 926 1317 ὃς
951 1269 1095 1315 confir-

73 1341 182 1372 mata
209 1328 290 1375 est,
314 1327 612 1371 accurrentibus
640 1339 746 1370 terra
774 1329 951 1376 marique
981 1328 1095 1368 novis

67 1381 243 1424 'militum
279 1378 557 1433 supplementis
599 1392 649 1420 ex
680 1376 910 1423 Occidentis
934 1379 1095 1419 Provin-

71 1436 162 1477 ciis.
200 1433 289 1477 Fuit
324 1433 418 1478 veto
443 1429 722 1479 Hierosolvma
764 1443 991 1481 expugnata
1027 1443 1096 1470 an-

70 1501 127 1527 no
157 1495 272 1534 1099·
296 1485 394 1543 Julii
427 1485 587 1535 15,die,
614 1481 711 1529 feria
739 1497 775 1530 9.
811 1482 910 1526 hora
937 1486 1096 1526 circiter

70 1539 145 1587 diei
173 1553 283 1583 nona
301 1563 319 1586 ,
357 1551 401 1579 ut
439 1535 620 1581 observat
644 1535 897 1579 Guillielmus
915 1538 1058 1588 Tyrius
1083 1563 1099 1578 .

62 1591 245 1643 ‘Fuitque
262 1589 501 1636 Godefridus
518 1590 738 1634 Bullionius
753 1587 946 1631 Eustachii
965 1590 1094 1630 Bono.

69 1644 211 1687 niensis
222 1646 394 1688 Comitis
404 1643 504 1685 filius
513 1643 632 1686 exida
643 1638 1094 1688 matre,Godefr1diG1b-

70 1695 155 1738 bosi
176 1697 448 1748 Lotharingiae
467 1698 591 1739 Ducis
616 1693 771 1742 sorore,
800 1695 869 1747 qui
897 1691 975 1734 sine
1002 1692 1097 1735 libe-

69 1751 121 1790 tis
149 1753 323 1791 moriens
350 1753 633 1801 cognominem
660 1745 803 1791 sororis
838 1743 962 1792 filium
990 1744 1095 1787 insti-

68 1806 146 1843 tuit
164 1805 204 1843 δε
223 1801 409 1844 haeredem
439 1799 708 1844 successorem.
1051 1849 1054 1851 Α

123 1861 185 1895 26.
214 1855 409 1896 Saeculum
437 1855 534 1896 istud
561 1853 695 1896 multis
715 1853 1012 1897 coenobiorum
1036 1854 1095 1894 in-

65 1905 214 1948 stitutis
239 1908 396 1947 initium
421 1907 529 1947 dedit
549 1936 561 1946 .
595 1904 960 1948 Camaidulensium
975 1930 992 1954 ,
1026 1920 1097 1957 per

66 1956 334 2001 Romualdum
363 1956 583 2000 Abbatem·
599 1958 730 1998 Vallis
766 1957 954 1998 umbrosae
972 1982 991 2005 ,
1023 1972 1096 2006 pet

72 2011 268 2065 Ioannem
279 2010 542 2061 Gualbertum
556 2009 912 2056 cisterciensium,
937 2022 1005 2057 per
1013 2009 1093 2050 Ro-

66 2062 222 2106 bertum
232 2061 440 2114 ,Abbatem
456 2090 468 2102 .
495 2061 654 2112 Insuper
681 2060 980 2105 coenobitarum
996 2063 1095 2103 San-

66 2116 123 2158 έὶὶ
139 2114 339 2164 Antonii,
363 2116 434 2168 qui
459 2117 589 2157 exorti
616 2113 704 2154 sunt
732 2127 846 2155 anno
867 2115 1094 2163 1095.Pon-

67 2163 174 2210 tisice
192 2169 363 2222 Urbano
376 2168 551 2209 secundo
568 2165 843 2216 approbante,
901 2180 976 2208 uos
991 2166 1091 2216 post.

67 2221 229 2263 modum
243 2218 470 2262 Bonifacuis
490 2220 599 2262 vm.
622 2217 843 2267 diplomate
885 2233 940 2259 uo
966 2221 1007 2260 in
1035 2234 1089 2260 re-

63 2274 219 2326 gulares
237 2274 476 2314 Canonicos
499 2273 623 2312 erexit
637 2295 652 2307 ο
673 2270 823 2311 Prodiit
848 2269 957 2311 simul
975 2272 1092 2312 Ordo

66 2323 396 2366 Cartufianorum
431 2338 501 2375 per
537 2327 797 2369 Brunonem,
837 2326 945 2371 ciuus
974 2323 1089 2364 initia.

65 2378 229 2418 Ordinis
253 2375 563 2427 conscripserunt
589 2389 726 2428 graves
763 2371 930 2421 eiusdem
963 2378 1091 2416 aetatis

63 2429 274 2478 scriptores
291 2431 430 2471 Petrus
446 2425 717 2471 Cluniacenfis
735 2451 752 2474 ,
781 2440 910 2467 retum
934 2426 1091 2467 mirabi-

63 2483 164 2524 lium
187 2479 376 2522 studiosus
409 2478 656 2533 conquisitor
673 2505 690 2525 ‚.
723 2478 793 2520 lib.
811 2492 847 2519 z,
881 2478 1088 2520 miraculo-

62 2548 172 2582 rum,
199 2548 237 2575 c.
257 2540 322 2580 28.
350 2531 570 2578 Guibertus
589 2531 728 2574 Abbas
751 2531 1039 2582 Nongentinus
1065 2555 1084 2579 ,

61 2585 370 2636 &Sigebertus,
404 2585 511 2635 apud
565 2597 641 2625 uos
677 2597 812 2626 tamen
842 2583 958 2624 nulla
981 2597 1089 2624 men.

60 2642 123 2681 tio
141 2640 346 2680 Canonici
368 2637 532 2681 Parisien
548 2652 586 2678 is
603 2662 620 2684 ,
656 2640 732 2689 qui
764 2635 851 2686 post
885 2635 1040 2676 obitum
1066 2660 1086 2684 ,

64 2692 158 2733 dum
182 2694 263 2740 ejus
290 2693 466 2743 exequiae
490 2702 791 2742 peragerentur,
816 2687 1086 2729 damnationis

62 2743 137 2786 suae
164 2743 346 2793 judicium
375 2745 645 2784 nunciaverit.

115 2810 180 2846 27.
205 2798 318 2838 Scitu
345 2793 598 2837 necessarium
616 2822 628 2840 ,
663 2790 846 2846 quisnam
870 2791 997 2834 tribus
1022 2791 1085 2834 his

61 2851 266 2891 continuis
293 2846 440 2889 saeculis
464 2848 643 2895 decimo,
671 2846 909 2893 undecimo,
935 2845 1086 2899 &duoq

61 2902 216 2944 decimo
240 2899 357 2942 fuerit
393 2900 512 2942 status
529 2897 711 2942 Ecclefiae
738 2900 949 2947 &Imperii
974 2894 1084 2939 vicis·

59 2950 128 2994 sim
155 2953 508 2998 contendentium:
535 2957 570 2990 ὅ(
593 2951 753 3004 quidem
778 2949 934 2999 prorsus
957 2948 1085 2991 infau-

61 3005 138 3051 stus
164 3019 288 3058 atque
312 3004 484 3047 funestus
501 3033 513 3046 .
541 3005 589 3045 In
620 3006 756 3055 primis
773 3000 939 3045 Ecclesia
957 3003 1034 3044 Dei
1063 3028 1083 3051 s

60 3055 200 3108 sponsa
215 3059 331 3110 Regis
359 3071 491 3110 regum
519 3073 602 3099 non
629 3060 653 3098 a
677 3054 1080 3103 successoribusPetri,

11 3105 12 3109 ¹
60 3114 127 3151 cui
163 3110 293 3151 claves
327 3114 436 3163 regni
470 3108 632 3152 coelestis
656 3107 837 3150 Christus
863 3106 984 3148 Filius
1000 3107 1082 3150 Dei

59 3160 308 3212 contuierat,
332 3162 394 3205 sed
410 3161 677 3210 factionibus,
701 3161 947 3206 ambitione,
970 3161 1079 3202 &ar-

0 3213 9 3244 ff*
61 3218 133 3255 mis
150 3217 428 3262 Imperatorum
455 3212 631 3265 oppressa
649 3213 880 3266 regebatur,
905 3211 1084 3255 illorum,

0 3277 11 3304 ἐν
60 3274 140 3319 que
178 3263 319 3315 injustis
345 3270 383 3307 &
413 3271 630 3319 tyrannicis
666 3265 949 3316 cupiditatibus
974 3263 1081 3308 obse.

59 3323 128 3411 gui
163 3319 407 3369 cogebaturs
439 3319 592 3363 intrusis
626 3320 677 3361 ad
710 3318 834 3360 sacras
869 3317 1079 3369 dignitates

89 3370 255 3422 agitiosis
279 3374 315 3409 ὅ(
340 3368 530 3424 sacrilegis
556 3371 783 3418 hominibus
800 3395 815 3415 2
848 3374 917 3422 qui
946 3384 1079 3411 nume·

59 3438 146 3466 rata
171 3425 338 3473 pecunia
357 3449 373 3472 ,
410 3423 573 3477 aliisque
599 3423 805 3466 infamibus
833 3422 1077 3464 conditioni-

60 3475 131 3517 bus
166 3475 253 3516 illas
289 3475 312 3515 ὲ
343 3478 583 3526 Principibus
610 3478 744 3519 mnndi
781 3475 1079 3522 huius&tene·

2132 48 2136 54 .
2144 66 2165 95 *a

1142 279 1240 320 tium
1266 290 1497 323 coemeram
1513 300 1529 326 9
1563 278 1664 321 adeo
1697 291 1754 322 ut>
1772 278 1988 327 Pontificu
2015 282 2186 332 sodes-‚²

1143 327 1346 380 Abbatiae,
1371 327 1683 375 &Eaeeiefiarum
1711 332 1925 382 praebendae:
1947 333 2166 386 pamm-fab

1142 377 1335 429 sceleratis
1357 386 1400 429 &
1422 388 1771 430 excommunica-tis
1794 385 1964 430 Clericis
1991 402 2173 440 occupa,

1142 446 1294 480 rentur.
1322 433 1417 480 Alia
1443 448 1607 489 quoque
1634 451 1717 479 non
1746 437 1874 480 minus
1901 440 2076 486 exitiosa,
2096 454 2161 492 pe«

1141 485 1205 548 stis
1229 486 1442 551 ‘Ecclesiam
1475 485 1673 533 foediffime
1708 489 1914 534 infestabat
1934 510 1952 531 .-
1981 492 2169 544 publicus

1142 552 1327 585 nimirum
1338 540 1596 588 sacerdotum
1621 544 1662 583 &
1690 540 1909 585 scottorum
1937 542 2014 587 sub,
2031 561 2161 589 emen.

1141 595 1219 636 tito
1247 596 1489 639 matrimonii
1522 599 1683 635 nomine
1717 595 1952 638 convita-usi
1993 599 2161 647 publicis

1139 647 1246 688 intra
1313 646 1535 691 arochiales
1571 645 1756 690 Ecclefias
1784 649 2160 694 denunciationibus

1138 701 1271 749 praemi
1345 714 1359 745 5
1397 701 1439 743 δε
1472 701 1718 742 notariorum
1755 699 1899 742 tabulis
1923 725 1938 749 ,
1982 699 2157 745 affinium

1139 762 1300 805 quoque
1324 753 1365 797 ὃς
1382 753 1598 801 amicorum
1625 753 1980 795 convocationibus
2007 758 2160 798 &con-

1164 802 1468 847 ratulationibus
1485 829 1501 852 ,
1536 803 1756 855 mutuisque
1789 809 1830 846 in
1860 803 1959 847 facie
1978 807 2157 851 Ecclesiae

1155 852 1406 904 pensionibus
1426 859 1466 901 ὃς
1485 857 1763 897 traditionibus
1798 856 1984 901 adhibitis
2008 887 2020 900 .
2056 863 2159 902 Hor.

1139 920 1197 948 ret
1223 912 1376 951 animus
1412 909 1480 952 ista
1514 922 1818 950 commemorare
1836 936 1846 947 .
1881 913 1951 953 His
1978 910 2156 954 Ecclefiae

1140 959 1318 1005 cladibus
1346 961 1588 1006 accedebant
1601 963 1713 1010 Papae
1739 958 1988 1012 schismatici,
2016 965 2067 1005 ab
2083 967 2156 1008 Im·

1137 1013 1381 1062 peratoribus
1408 1017 1579 1066 promoti
1605 1013 1784 1055 adversus
1812 1013 1983 1066 legitime
2008 1015 2158 1059 electos

1138 1063 1376 1114 Pontifices,
1402 1079 1545 1110 contra
1565 1079 1666 1116 quos
1687 1066 1802 1110 iidem
1816 1068 2038 1111 Germaniae
2050 1071 2159 1110 Prin-

1137 1121 1268 1167 cipes,
1296 1115 1453 1171 sumptis
1480 1116 1670 1170 sacrilegis
1705 1121 1819 1159 armis
1836 1143 1852 1168 ,
1891 1122 1931 1163 &
1948 1134 2088 1163 contra
2115 1119 2162 1162 fi.

1137 1171 1242 1215 deles
1276 1171 1446 1220 populos
1486 1168 1586 1212 ferro
1614 1175 1654 1215 ὃς
1677 1173 1843 1213 flammis
1873 1175 2061 1226 omnique
2090 1173 2160 1214 ho.

1136 1222 1297 1268 stilitate
1331 1223 1615 1265 decertabant.
1662 1225 1722 1264 Ex
1769 1223 1827 1266 his
1851 1225 1966 1266 Otho
2005 1229 2152 1274 primus

1137 1275 1313 1322 Leonem
1331 1273 1506 1319 adversus
1515 1275 1712 1331 Joannem
1723 1276 1972 1319 XII-obtrusit
1984 1295 1996 1318 t
2022 1291 2155 1329 quem-

1137 1329 1348 1373 admodum
1366 1330 1559 1370 Henricus
1587 1327 1860 1382 III-Joanncm
1878 1330 2071 1372 Mincium
2088 1330 2158 1372 ad·

1137 1378 1264 1423 versus
1279 1380 1493 1423 Nicolaum
1505 1381 1757 1422 II-canonice
1781 1380 1973 1421 elestum:
2000 1384 2159 1424 &Hen-

1138 1436 1240 1476 ricus
1275 1432 1349 1475 iv.
1371 1430 1550 1477 adversus
1579 1432 1851 1475 Alexandrum
1886 1432 1939 1474 11.
1975 1434 2157 1485 idemque

1138 1485 1374 1529 Guibertum
1399 1483 1671 1529 Ravennatem
1705 1482 1885 1528 adversus
1913 1486 2153 1536 Gregorium

1138 1540 1227 1581 Vll.
1255 1539 1521 1588 Praetereaque
1538 1538 1778 1579 Mauricium
1791 1537 2005 1581 Rudinum
2021 1539 2159 1580 adver-

1138 1590 1199 1631 sus
1219 1587 1377 1633 Gelafiu
1448 1590 1494 1631 11.
1523 1589 1618 1632 Fred
1666 1592 1743 1631 'cus
1760 1589 2025 1631 AEnobarbus
2037 1592 2164 1633 Odia,

1139 1646 1300 1686 vianum
1320 1644 1360 1685 δε
1396 1663 1397 1667 ’
1419 1642 1608 1684 aidonem
1643 1662 1646 1666 *
1672 1638 1882 1683 remensem
1906 1640 2085 1688 adversus
2104 1641 2160 1685 A·

1137 1694 1371 1740 lexandrum
1413 1695 1481 1735 111.
1517 1694 1744 1737 Ludovicus
1776 1696 1948 1736 Bavarus
1996 1698 2152 1738 Petrum

1136 1744 1442 1794 Corbariensem
1467 1744 1647 1787 adversus
1661 1750 1858 1795 Ioannem
1877 1748 2002 1788 XXII.
2013 1747 2157 1790 Tribus

1137 1802 1197 1844 his
1227 1801 1395 1852 pestibus
1431 1796 1565 1841 sancita
1587 1801 1666 1841 Dei
1692 1797 1865 1840 Ecclesia.
1896 1800 2157 1843 conflictaba-

1136 1869 1227 1903 tur,
1254 1867 1356 1907 quas
1381 1852 1525 1894 meritc)
1552 1853 1694 1894 dixeris
1716 1865 1794 1893 tres
1821 1851 2012 1893 exErebo
2045 1851 2156 1894 fimul

1135 1919 1383 1956 erumpentes
1408 1903 1554 1946 furias.—
1577 1906 1605 1946 Ι.
1616 1907 1860 1945 Henriciana
1888 1902 2041 1953 haerefi,
2070 1918 2157 1957 quat

1137 1958 1324 2001 summam
1346 1955 1522 2000 Ecclesia:
1548 1957 1784 2006 potestatem
1817 1955 1956 1998 cler-‘itis
1980 1957 2158 2008 legitime

1136 2013 1327 2053 Romanis
1347 2008 1605 2052 Pontificibus
1630 2010 1855 2058 ademptam
1880 2011 1922 2048 in
1941 2012 2156 2060 Henricos,

1135 2062 1313 2116 aliosque
1334 2064 1625 2112 Imperatores,
1658 2074 1782 2113 atque
1817 2064 1858 2103 in
1894 2060 2075 2104 obtrusos
2103 2062 2155 2104 ab

1134 2120 1191 2161 cis
1215 2115 1440 2164 Antipapas
1469 2113 1767 2155 transfundebat
1786 2141 1800 2153 .
1835 2115 1882 2157 Η.
1931 2117 2154 2158 Nicolaita-

1135 2183 1221 2211 rum
1255 2167 1499 2218 turpitudine
1537 2170 1580 2207 in
1614 2166 1858 2218 propudiosis
1891 2168 2151 2212 Sacerdotum

1132 2223 1320 2274 conjugiis
1340 2249 1353 2260 .
1398 2222 1469 2261 ΙΙΙ..
1501 2220 1728 2262 simoniaca.
1759 2217 1953 2261 sacrarum
1988 2221 2152 2272 dignita-

1133 2287 1220 2316 tum
1247 2272 1545 2314 nundinatione
1562 2275 1603 2313 &
1618 2270 1900 2315 beneficiorum
1918 2272 2151 2316 Ecclefiasti.

1131 2341 1292 2367 corum.

1186 2382 1250 2419 28.
1276 2378 1422 2419 Doctis
1446 2393 1496 2418 ac
1518 2379 1594 2427 piis
1617 2375 1764 2427 scriptis
1790 2376 1870 2418 hoc
1895 2375 2074 2420 saeculum
2102 2379 2148 2421 ii-

1131 2431 1387 2473 lustraverunt
1417 2429 1618 2471 Fulbertus
1642 2428 1894 2472 Carnotenfis
1920 2455 1936 2478 ,
1985 2434 2025 2473 δε
2052 2434 2148 2473 Bur-

1130 2482 1300 2524 chardus
1319 2481 1649 2530 Wormacienfis,
1673 2480 1872 2534 digniffimi
1906 2482 2028 2524 ambo
2045 2481 2151 2533 Epis-

1129 2539 1218 2585 copi
1237 2563 1251 2574 .
1286 2532 1468 2575 Abbates
1500 2546 1663 2585 quoque
1678 2534 1802 2576 Odilo
1828 2534 2102 2578 Cluniacenfis
2127 2561 2147 2586 ‚

1130 2590 1263 2629 Berno
1276 2584 1500 2636 Augienfis,
1531 2584 1718 2627 Rodulfm
1741 2586 1923 2635 Giaber,
1957 2590 2149 2632 Hei-man.

1129 2654 1205 2682 nus
1217 2639 1486 2686 Contratstus,
1510 2637 1695 2679 monachi
1716 2666 1723 2674 .
1761 2640 1849 2680 Leo
1868 2638 2054 2682 Pontifex
2080 2655 2149 2683 no-

1128 2707 1200 2733 nus
1211 2717 1230 2740 ,
1255 2690 1496 2731 Humbertus
1511 2690 1741 2733 Cardinalis.
1760 2691 1885 2742 Sylvae
1901 2692 2090 2735 Candidae
2099 2696 2149 2737 E.

1127 2742 1306 2795 piscopus
1321 2742 1509 2784 Ostiensis
1523 2767 1540 2790 ,
1578 2746 1649 2794 qui
1673 2742 1766 2784 cum
1790 2747 1833 2784 in
1866 2744 2044 2794 palaestra
2067 2759 2151 2787 mo.

1127 2797 1276 2838 nastica
1301 2808 1459 2836 aetatem
1485 2808 1583 2835 ante
1599 2794 1880 2837 Pontificatum·
1895 2794 2146 2847 transegisset,

1124 2845 1461 2900 plurimumquese
1472 2845 1720 2896 exercuisset‚
1747 2848 1941 2889 strenuum
1956 2846 1993 2889 se
2015 2849 2148 2892 athle-

1125 2915 1209 2943 tam
1248 2899 1426 2942 exhibuit
1449 2923 1469 2946 ,
1510 2896 1688 2939 sermone
1732 2899 1876 2941 docens
1895 2925 1916 2948 ,.
1947 2904 1982 2940 ὅ(
2004 2899 2148 2945 sermo-

1125 2969 1218 2996 nem
1245 2955 1327 2993 vita
1348 2949 1586 2993 confirmans
1600 2980 1614 2991 .
1636 2952 1900 3003 Tandemque
1913 2952 2054 2994 multis
2070 2969 2145 3004 pro

1124 3003 1297 3048 Ecclesia.
1321 3006 1399 3046 Dei
1426 3002 1630 3044 laboribus
1657 2999 1880 3051 perfunctus
1903 3029 1922 3053 ‚
1956 3006 2142 3049 omnibus

1123 3057 1266 3108 sponte
1298 3056 1490 3098 abdicatis
1519 3055 1794 3097 Ecclesiasticis
1835 3056 2097 3108 dignitatibus
2122 3084 2141 3109 9

1122 3109 1198 3152 sese
1224 3113 1367 3151 iterum
1392 3107 1554 3158 pristinae
1582 3106 1804 3151 solitudinis
1823 3110 1867 3151 δε
1897 3111 2144 3162 contempla-

1125 3165 1248 3204 tionis
1273 3160 1465 3204 desiderio
1491 3161 1728 3202 monasterio
1745 3159 2144 3211 circumsepfit.Lan.

1121 3215 1280 3256 francus
1303 3211 1625 3262 Arcbiepiscopus
1660 3213 1949 3256 Cantuarienfis
1967 3240 1983 3264 ,
2021 3214 2142 3260 Adel-

1122 3281 1291 3308 mannus
1314 3264 1527 3315 Episcopus
1544 3264 1770 3313 Brixiensk,
1801 3267 2069 3310 Guitmundus
2086 3267 2142 3312 A.

1122 3318 1303 3364 versantis
1322 3317 1554 3368 Episcopus.
1579 3321 1630 3358 Hi
1660 3331 1740 3359 tres
1765 3318 1943 3360 adversus
1970 3318 2138 3363 haerefim

1119 3374 1338 3422 Berengarii
1365 3374 1451 3420 pios
1468 3374 1508 3410 &
1528 3370 1749 3411 eruditione
1774 3368 1936 3413 refertos
1963 3371 2139 3423 scripsere

1118 3425 1262 3466 libros.
1287 3421 1491 3469 Anselmus
1516 3422 1742 3464 cantuariae
1768 3422 2091 3475 Archiepiscopus
2117 3451 2136 3474 ‚

1118 3477 1296 3528 alterque
1324 3473 1529 3516 noscimus
1556 3473 1820 3518 Laudunensis
1843 3477 1992 3518 author
2018 3481 2138 3519 inter-

62 3527 217 3569 brarum
248 3526 383 3568 harum
401 3552 417 3576 ,
442 3539 650 3583 eorumque
676 3527 858 3571 ministris
891 3525 1076 3580 sacrilega
1115 3532 1274 3572 linearis
1302 3523 1470 3575 Glossae,
1499 3530 1539 3568 &
1565 3530 1942 3571 commentariorum
1971 3533 2013 3571 in
2028 3530 2134 3572 Can.

55 3579 282 3623 licitatione
310 3581 377 3621 alii
404 3595 477 3630 prae
505 3581 590 3624 aliis
614 3585 736 3631 majus
763 3577 965 3624 offerendo
993 3594 1076 3631 pre·

1117 3586 1194 3626 tica
1221 3583 1264 3623 δε
1288 3583 1329 3623 in
1356 3578 1658 3632 Apocalypsim:
1683 3584 1860 3633 quamvis
1888 3581 2135 3685 Obffioqiinis

1973 3645 2036 3673 imi
2057 3646 2082 3673 ι.
