2430 3958
722 224 1095 308 Historica
1155 215 1537 336 Synopfisss(

17 341 185 394 *invasit-
213 344 445 391 Eusebiani,
473 345 563 386 odio
592 346 634 385 in
663 339 916 385 Athanasium
943 337 1043 389 resti-

27 414 154 443 tutum
172 398 456 441 recrudescente
473 422 489 446 ,
518 411 641 438 novas
660 393 836 437 adversus
849 393 960 435 illum
969 405 1044 434 tur-

3 437 96 498 lbas
121 455 297 493 excitant
318 477 332 499 ³
361 464 504 491 novam
534 463 663 491 tamen
691 459 906 488 metuentes
935 445 1047 487 Con.

3 501 6 559 ἢ
25 503 161 545 stantis
188 507 405 553 potentiam
421 528 436 550 ,
462 505 567 550 cujus
587 502 686 541 ditio
712 498 876 539 Romam
900 500 943 538 &
966 498 1043 556 Ita·

4 556 118 596 =liam
145 555 477 605 complectebatur
494 579 510 601 ,
539 554 683 609 Julium
710 551 930 591 Romanum
958 548 1044 608 vEpi·

4 607 184 658 ¹scopum
210 608 392 648 demereri
428 605 611 652 student,
648 608 687 645 &
715 605 807 652 quia
833 599 946 641 causa
971 600 1045 640 ista

4 662 296 710 *cognitionem
325 657 502 707 supremae
530 657 634 700 Sedis
670 653 921 706 requirebat,
948 654 1042 700 ejus-

5 749 7 752 .
29 711 117 752 dem
145 724 304 762 quoque
331 712 510 759 judicium
544 708 580 749 se
606 719 782 754 expetere
817 704 998 745 simulant
1024 726 1040 750 ,

4 762 120 804 'certi
147 777 276 803 moras
305 763 488 810 nectere,
527 764 582 802 δι·
590 769 717 808 prout.
740 757 800 797 vel
828 770 868 796 m
896 753 934 815 se
958 769 1046 805 pro-

16 827 151 862 mum,
192 815 251 854 vel
281 831 304 855 a
332 814 396 854 sua
423 811 535 853 causa
570 810 739 851 alienum
766 813 843 853 eius
870 820 1042 847 animum

28 865 362 917 deprehenderent
381 892 396 913 a
440 865 500 905 vel
532 864 752 911 expetitum·
778 860 1042 902 vadimonium

5 915 145 959 ‘subire
163 944 177 963 ,
215 918 278 958 vel
314 916 511 963 deserere,
545 926 662 964 prout
697 913 718 952 ὲ
744 927 784 954 re
821 924 913 953 nata
947 922 1042 952 tem·

6 945 239 1060 {forumque
267 968 422 1012 successu
448 967 513 1013 sibi
540 968 721 1007 noverint
748 961 1042 1023 expediregj'u·

6 1032 8 1071 j
40 1023 97 1061 ius
122 1024 270 1064 interea
298 1020 415 1062 causae
441 1019 621 1067 judicium
648 1018 697 1058 ad
727 1015 831 1057 suam
848 1028 1042 1066 cognitio·

22 1085 112 1114 nem
139 1087 345 1114 evocatum
370 1068 611 1125 prosequitur
629 1095 644 1118 ,
685 1072 724 1110 δι
759 1082 884 1119 partes
911 1066 1042 1109 ambas

20 1126 73 1166 ad
105 1122 214 1166 suum
245 1128 343 1166 citat
380 1121 550 1164 tribunal
576 1151 586 1160 .
627 1119 860 1163 Athanasius
879 1146 894 1169 a
931 1132 1041 1160 caete-

21 1180 132 1228 rique
159 1175 333 1224 Episcopi
373 1177 495 1226 Tyrio
522 1173 791 1214 conciliabulo
828 1173 1001 1215 damnati
1021 1195 1038 1219 ,

5 1227 67 1285 i&
90 1227 237 1270 sedibus
263 1225 358 1276 pulfi
375 1251 391 1274 2
427 1229 608 1267 citationi
637 1226 903 1274 obtemperare
930 1226 1042 1264 mini-

6 1281 130 1322 initu&
152 1276 368 1319 differunt:
406 1275 608 1320 Eusebiani
644 1291 806 1318 econtra
840 1277 1039 1318 dilationi-

6 1332 92 1389 jbus
125 1333 165 1372 δε
197 1327 466 1371 ludificatoriis
510 1329 783 1380 praetextibus,
829 1343 874 1370 ut
908 1327 1036 1370 solent

8 1382 127 1428 «nialae
161 1379 249 1423 fidei
283 1382 532 1432 litigatores,
566 1380 718 1423 causam
753 1394 994 1422 remorantur
1025 1407 1035 1417 .

7 1431 284 1510 {Achai-nasius,
328 1447 416 1475 cum
450 1433 534 1474 aliis
570 1433 745 1475 exulibus
783 1431 981 1483 Episcopis
1017 1457 1032 1480 ,

18 1485 150 1526 Romae
173 1500 321 1527 annum
356 1488 548 1537 integrum
577 1483 727 1536 tresque
754 1483 904 1535 insuper
931 1498 1036 1527 men.

8 1511 72 1609 lses
107 1538 186 1580 litis
221 1539 401 1586 judicium
437 1538 707 1586 praestolatur.
750 1538 906 1586 Julius,
952 1536 1034 1586 post

10 1591 158 1632 aiterata
193 1603 282 1641 erga
326 1587 563 1631 Eusebianos
597 1590 834 1637 judicialium
880 1592 1036 1630 citatio-

10 1654 110 1682 nnum
136 1641 262 1682 edicta
279 1667 295 1690 ,
332 1642 390 1682 his
420 1643 641 1683 nullatenus
674 1640 992 1690 comparentibus
1017 1664 1033 1689 ς

11 1684 198 1742 *judicium
232 1697 434 1745 exequitur
467 1696 801 1749 peremptorium,
850 1695 889 1733 δε
923 1690 1037 1734 causa

18 1756 138 1795 quam
163 1746 436 1788 accuratiffime
463 1745 649 1793 discussa,
686 1742 892 1786 secundum
908 1746 1038 1787 exules

19 1794 234 1846 Episcopos
276 1794 505 1838 sententiam
541 1798 635 1838 dicit
655 1814 669 1841 ,-
710 1794 783 1837 eos
806 1810 853 1839 ue
888 1799 928 1837 in
965 1799 1038 1848 pri-

10 1847 135 1909 Qstinas
161 1849 263 1888 unde
287 1847 442 1890 fuerant
469 1849 580 1898 ejecti
606 1847 707 1892 sedes
739 1862 779 1889 re
814 1850 902 1889 ituit
920 1873 936 1897 ,
972 1863 1039 1890 an·

9 1912 74 1948 qno
102 1911 185 1952 341.
213 1902 308 1953 Qo
345 1901 482 1941 eodem
518 1915 626 1941 anno
662 1898 866 1941 Eusebiani
890 1925 905 1948 ,
944 1899 1038 1941 sum-

12 1952 96 2002 {pto
120 1956 309 2002 praetextu
344 1951 598 1992 dedicationis
630 1950 795 1992 Basilicae
824 1951 1037 1993 Antioche·

11 2003 79 2054 ἕως
97 2027 113 2051 ,
147 2014 265 2054 quam
292 2004 460 2053 Magnus
497 2002 787 2044 Constantinus
813 2002 948 2045 multis
976 2018 1039 2045 ex.

13 2051 140 2105 {pensis
169 2053 470 2102 construxerat,
504 2053 761 2096 Antiochiam
790 2067 933 2106 magno
970 2069 1038 2096 nu-

11 2105 125 2160 lmero
161 2109 406 2147 conveniunt
434 2108 475 2148 ὅτ.
500 2106 554 2147 ibi
582 2121 690 2147 novo
724 2108 826 2147 inito
852 2107 1038 2150 concilia-

13 2157 115 2200 *bulo
132 2182 149 2206 ι,
176 2155 430 2199 Athanasium
448 2183 463 2205 ,
492 2161 559 2210 qui
586 2171 633 2199 ex
653 2158 809 2209 decreto
836 2158 926 2208 Julii
947 2159 1038 2203 Ale-

12 2195 220 2264 lxandriam
243 2209 391 2261 civibus
417 2211 551 2252 laetitia
578 2210 847 2252 exultantibus
876 2223 1040 2254 reverte-

13 2265 114 2309 lrat,
155 2261 284 2302 denuo
327 2262 626 2311 condemnant,
667 2264 707 2303 δι’.
742 2266 907 2312 repetita
948 2261 1037 2305 sede

13 2317 158 2365 {iterum
181 2313 392 2354 extrudunt
408 2331 424 2360 ‚-
449 2316 490 2356 δε
517 2329 566 2355 ne
593 2313 671 2363 spes
699 2314 832 2366 aliqua
859 2316 1038 2364 postlimi-

51 2368 78 2406 ii
102 2362 166 2405 seu
197 2366 449 2406 restitutionis
475 2364 706 2415 superesset,
741 2369 781 2407 in
811 2371 887 2416 ejus
914 2367 1037 2408 sedem

49 2415 242 2459 rovehunt
275 2419 510 2468 Gregorium
546 2418 825 2468 Cappadocem
865 2419 1038 2460 militari-

48 2483 90 2511 us
121 2467 348 2510 Constantii
381 2472 504 2519 copi-is
537 2469 771 2512 succinorum
792 2495 808 2519 ,
841 2485 865 2513 a
897 2472 1036 2523 quibus

51 2518 127 2563 uafi
154 2523 195 2562 in
235 2520 327 2561 urbe
352 2535 419 2570 per
446 2525 523 2562 vim
558 2533 778 2574 expugnata
794 2547 810 2570 3
846 2523 1037 2565 horrenda

0 2591 2 2610 ι
41 2577 159 2615 ivium
187 2570 543 2614 Alexandrinorum
570 2575 685 2616 caedes
711 2585 932 2624 perpetrata
959 2576 1035 2626 est,

44 2639 108 2667 um
135 2623 320 2666 luetuofis
361 2625 545 2667 domuum
578 2624 842 2668 invasionibus
868 2653 884 2677 ‚
916 2641 1035 2677 opum

2 2699 3 2702 ¹
44 2675 298 2727 ireptionibus
326 2679 366 2718 &
399 2675 585 2730 sacrilegis
620 2680 811 2730 virginum
835 2684 1035 2730 xraptatio-

49 2729 150 2775 ibus.
176 2727 412 2770 Athanasius
431 2730 480 2771 ad
496 2731 636 2772 caedem
649 2730 887 2782 conquisitus
899 2758 913 2781 ,
932 2732 1035 2774 clam

25 2774 187 2830 dilapsus
207 2780 372 2822 Romam
381 2785 520 2824 iterum
539 2779 808 2833 proficiscitur,
828 2788 1035 2836 quoetiam

17 2832 158 2875 &aulus
184 2833 646 2884 Constantinopolitanus
679 2833 885 2886 Episcopus
904 2862 919 2885 ,
952 2839 1036 2879 alii·

32 2891 98 2926 'ue
115 2882 317 2926 Antistites
345 2884 394 2926 ab
422 2883 575 2928 Arianis
602 2885 720 2936 pulsi,
749 2901 791 2930 ut
819 2891 860 2930 in
886 2887 1035 2931 sacrum

19 2929 168 2988 *asylum
194 2933 230 2977 se
256 2949 460 2987 recepere,
487 2936 668 2989 Asclepas
697 2939 841 2989 Gazae,
870 2942 1036 2984 Marcel-

18 2986 84 3086 ‘lus
110 2986 296 3039 Ancyrae,
323 2993 487 3040 aliique.

76 3047 120 3090 17
147 3038 289 3083 Verum
317 3044 387 3092 qui
408 3041 612 3084 Eusebiani
636 3040 786 3084 suarum
818 3048 1034 3089 autoritate

18 3089 268 3284 {modorum
281 3094 504 3136 nitebantur
513 3118 528 3143 5
548 3107 621 3148 quq
633 3110 762 3137 tamen
775 3096 923 3146 prorsus
931 3096 1034 3140 frau-

30 3140 182 3200 dulente
195 3141 559 3203 suspecirfqueeiant
574 3173 588 3196 ,
618 3162 754 3197 utpote
763 3148 812 3190 ab
824 3148 908 3190 Arii
918 3147 1034 3192 sedra-

32 3205 93 3252 .¹¹.⁸
109 3191 240 3246 *habite
257 3196 434 3240 adversus
454 3215 522 3240 eos
542 3203 608 3251 qui
632 3202 833 3242 Nicaenam
844 3199 954 3242 fidem
982 3205 1032 3245 ab

43 3243 109 3284 llis
128 3246 385 3297 impugnatam
413 3251 726 3300 profitebantur,
757 3255 894 3294 institit
923 3255 1034 3296 Con-

59 3308 129 3355 αρε
147 3321 160 3340 2
192 3310 384 3343 annuente
419 3316 485 3352 per
512 3318 652 3346 metum
681 3305 951 3354 constantio,
988 3322 1031 3350 ut

54 3344 238 3407 niversale
259 3350 482 3397 Concilium
491 3357 655 3399 Sardicae
665 3357 918 3406 indiceretur,
946 3373 1031 3411 quae

50 3412 160 3460 {vitas
187 3398 240 3440 est
265 3401 426 3448 confinis
452 3408 611 3460 Illyrico
640 3412 679 3451 &
696 3410 868 3451 Thraciae
895 3414 935 3452 in
952 3410 1031 3462 ipsa

23 3449 174 3535 gittone
200 3452 452 3506 Constantii,
474 3474 528 3502 2ut
556 3458 776 3503 Eusebianis
805 3467 932 3503 omnis
960 3479 1032 3506 ter-

61 3498 233 3564 ve‘rsandi
262 3518 464 3554 praetextus
492 3509 805 3560 submoveretur3
833 3516 881 3556 ad
942 3531 1030 3558 uam

23 3515 152 3635 ἔζηκα
188 3555 348 3597 liberior
382 3562 422 3600 &
454 3560 605 3606 facilior
641 3567 789 3607 cundhs
834 3569 904 3616 Epi
923 3573 1030 3618 copis

29 3609 191 3652 Orientis
218 3610 259 3651 δι
285 3612 512 3658 Occidentis
530 3639 546 3664 ‚
573 3616 645 3661 ubi
674 3619 873 3663 Constans
909 3621 1031 3665 domi-

121 3706 127 3716 s

19 3702 29 3772 ἦ

1084 338 1278 389 nabatur,
1301 339 1394 386 effer
1411 339 1586 383 *accessus
1602 370 1614 381 .
1639 338 1852 384 Celebrata
1878 341 1994 393 igitur
2018 337 2073 381 est
2083 341 2105 387 ῥ’

1085 406 1169 432 non
1197 393 1379 436 Sardibus
1398 398 1439 435 in
1454 393 1603 444 Lydia,
1628 391 1693 434 sed
1717 393 1934 437 Sardicaein
1946 390 2103 444 Mysia,

1084 445 1263 494 synodus
1278 446 1466 498 generalis
1492 460 1601 486 anno
1631 457 1718 497 347.
1743 443 1809 487 Ab
1837 445 1912 486 hac
1938 442 2104 493 Ariani,

1083 510 1172 536 cum
1207 494 1327 538 essent
1360 512 1525 539 numero
1559 497 1680 550 longe
1714 497 1950 539 orthodoxis
1983 498 2103 545 impa-

1085 561 1165 595 res,
1194 547 1230 589 se
1256 548 1415 593 subdole
1441 548 1684 597 subduxere,
1716 549 1758 590 δι
1784 547 1974 599 Philippis
1990 549 2032 589 in
2047 548 2103 588 vi·-

1085 602 1189 640 cinia
1216 603 1531 644 conventiculum
1557 599 1711 649 secere,
1744 603 1807 642 cui
1835 614 1983 642 nomen
2009 613 2105 652 quo-

1116 666 1162 691 ue
1179 653 1356 695 Concilii
1379 651 1610 697 Sardicensis
1631 652 1827 701 indidere,
1856 654 1896 693 in
1911 665 1994 703 quo
2014 655 2102 694 Con-

1077 664 1303 755 fiebslantialir
1320 704 1489 756 usurpari
1503 704 1738 746 vocabulum
1755 703 2003 755 prohibuere.
2031 701 2105 744 At-

1084 769 1214 796 tamen
1241 771 1332 799 vera
1364 755 1594 800 Sardicenfis
1618 757 1834 807 Synodus,
1862 754 1992 797 >revisis
2016 768 2104 797 exa.

1085 808 1148 848 <ste
1168 807 1405 851 Arianorum
1422 809 1790 863 conventiculorum
1800 809 1919 854 aeus,
1947 805 2103 857 illisque

1084 863 1238 908 penitus
1280 859 1432 905 resciffis
1448 886 1467 910 ,
1507 857 1734 901 sententiam
1769 873 1841 909 pro
1881 855 2102 901 Athanasio

1084 909 1245 964 aliisque
1280 913 1414 964 injuste
1456 913 1651 954 damnatis
1691 912 1788 954 dixit
1809 929 1821 958 5
1865 913 2103 962 Gregorium

1084 962 1359 1008 Alexandrina:
1392 963 1611 1008 invasorem
1646 962 1821 1006 Ecclefiae
1855 964 2056 1004 damnavit
2082 983 2100 1011 ,

1085 1013 1287 1058 ursacium
1320 1021 1440 1059 etiam
1476 1031 1500 1059 a
1536 1016 1787 1068 singiduno,
1830 1016 2042 1058 Valentem
2075 1027 2102 1055 a

1083 1068 1247 1118 Mursa,
1274 1067 1493 1111 Narcissum
1519 1068 1569 1110 ab
1596 1067 1835 1118 Hierapoli,
1861 1068 2104 1118 Stephanum

1082 1118 1133 1160 ab
1161 1119 1379 1164 Antiochia
1397 1146 1415 1171 ,
1452 1119 1641 1164 Acacium
1668 1134 1693 1160 a
1721 1118 1928 1169 Caesarea,
1963 1122 2105 1163 Meno-

1082 1172 1275 1221 phantum
1303 1172 1353 1215 ab
1381 1171 1532 1223 Epheso
1551 1197 1567 1222 ,
1604 1173 1820 1225 Georgium
1839 1188 1862 1213 a
1880 1172 2106 1220 Laodicea,

1081 1222 1257 1276 aliosque
1283 1226 1405 1277 gradu
1431 1224 1499 1268 suo
1528 1227 1655 1277 exegit
1674 1243 1687 1264 .-
1723 1227 1898 1276 quamvis
1921 1227 2104 1267 Socrates

1081 1278 1120 1317 &
1139 1278 1383 1319 Sozomenus
1399 1275 1613 1328 scripserint
1630 1304 1643 1321 ,
1671 1276 1761 1317 huic
1780 1274 1983 1318 interfuisse
1992 1277 2109 1318 Con-

1080 1330 1175 1369 cilio
1203 1329 1368 1370 Paulum
1393 1329 1767 1377 Constantinopolis
1794 1327 2014 1373 praesulem
2041 1326 2104 1368 sed

1078 1379 1171 1421 fides
1199 1385 1330 1430 potius
1356 1382 1577 1425 adhibenda
1604 1380 1856 1423 Theodoriro
1884 1378 2067 1421 scribenti

1079 1433 1244 1475 Paulum
1270 1447 1359 1474 cum
1374 1432 1465 1475 esset
1491 1433 1692 1478 Sardicam
1718 1430 1990 1484 profecturus,
2017 1430 2071 1472 sui
2089 1454 2104 1461 -

1078 1482 1115 1527 se
1141 1485 1192 1525 ab
1218 1486 1454 1530 orthodoxis
1484 1485 1948 1534 constantinopolitanis
1973 1482 2104 1534 prohi.

1078 1537 1233 1586 bitum,
1268 1536 1477 1580 scientibus
1513 1550 1669 1589 paratas
1706 1535 1905 1580 adversum
1932 1551 2021 1579 eum
2048 1534 2104 1577 ab.

1079 1589 1236 1631 Arianis
1261 1591 1302 1629 in
1329 1592 1468 1633 itinere
1485 1589 1661 1635 infidias.

1136 1644 1181 1682 18
1210 1642 1406 1682 Caeterum
1432 1640 1536 1685 haud
1564 1640 1692 1683 multo
1713 1641 1822 1692 post,
1850 1643 1987 1684 Ariani
2007 1644 2104 1683 Pau-

1079 1691 1161 1733 lum
1189 1693 1291 1741 apud
1319 1691 1601 1737 Constantium
1637 1707 1722 1735 tum
1747 1693 1980 1742 seditionis,
2020 1707 2105 1735 tum
2147 1731 2149 1734 .

1080 1745 1247 1785 aliorum
1273 1747 1481 1787 criminum
1503 1744 1606 1787 salso
1633 1749 1826 1789 criminati
1843 1772 1858 1794 ,
1897 1748 1975 1787 hoc
2002 1747 2106 1787 obti-

1081 1807 1247 1838 nuerunt
1267 1795 1316 1837 ab
1337 1800 1476 1849 iniquo
1499 1799 1541 1840 δε
1557 1797 1740 1840 haeretico
1758 1800 1937 1848 Principe
1952 1823 1970 1846 ,
1988 1816 1991 1817 ⁷
2008 1799 2104 1838 indi-

1080 1849 1146 1889 cta
1156 1846 1270 1889 causa
1281 1849 1321 1890 δε
1331 1850 1504 1891 inaudita
1514 1849 1651 1899 parte,
1678 1863 1722 1891 ut
1734 1848 1930 1892 Cucusum
1941 1853 2104 1891 minoris

1081 1898 1274 1942 Armeniae
1286 1900 1512 1950 oppidulum
1523 1902 1758 1953 relegaretur
1768 1918 1780 1947 3
1807 1915 1891 1954 quae
1902 1901 1973 1944 fuit
1992 1916 2103 1954 quar·

1081 1966 1124 1994 ta
1145 1955 1184 1994 δε
1201 1952 1339 1994 ultima
1350 1951 1566 1995 sanctissimi
1584 1954 1760 2004 Episcopi
1771 1955 1978 2006 relegatio.
2006 1958 2105 1997 Scri-

1080 2004 1138 2046 bit
1159 2008 1261 2046 enim
1273 2004 1506 2046 Athanasius
1516 2006 1565 2047 ad
1581 2006 1729 2054 solitar-2
1739 2010 1925 2058 vit.agen.
1937 2012 2104 2058 primum

1080 2061 1157 2104 ejus
1172 2055 1329 2100 exilium
1346 2055 1451 2099 fuisse
1467 2061 1507 2100 in
1528 2062 1727 2110 regionem
1739 2062 1858 2102 Ponti
1878 2078 1890 2100 .-
1918 2061 2102 2103 Secundo

1080 2107 1183 2151 fuisse
1201 2113 1350 2150 catenis
1368 2110 1544 2151 vinetum
1561 2115 1602 2153 in
1616 2114 1794 2164 Singram
1803 2112 2100 2164 Mesopotamiae

1079 2162 1354 2210 deportatum:
1388 2163 1526 2205 Tertio
1543 2163 1718 2206 Emesam
1741 2166 1996 2206 amandatum
2016 2193 2026 2210 ‚
2058 2180 2101 2208 ut

1081 2226 1145 2254 tot
1163 2213 1443 2266 agitationibus
1460 2216 1500 2257 δι
1518 2218 1778 2258 incommodis
1797 2231 2001 2270 rerumque
2019 2233 2102 2258 om-

1082 2269 1190 2306 nium
1235 2269 1398 2314 penuria
1440 2266 1732 2311 conficeretur:
1768 2270 1928 2318 Quarto
1966 2272 2109 2313 Cucu*

1080 2314 1162 2358 sum
1183 2314 1248 2357 sub
1265 2331 1352 2359 aere
1369 2317 1603 2371 frigidissimo
1625 2346 1640 2368 ,
1669 2324 1770 2362 inter
1787 2319 1932 2362 deserta
1951 2328 2101 2364 montis

1081 2369 1228 2417 Tauri,
1258 2384 1382 2412 rerum
1410 2374 1584 2410 omnium
1611 2373 1784 2423 indigum
1807 2397 1821 2419 ς
1848 2376 1888 2414 &
1907 2377 2015 2415 omni
2037 2389 2103 2424 pce

1081 2424 1190 2462 nuria
1216 2421 1463 2464 laborantem
1482 2422 1615 2464 locum
1631 2442 1646 2470 ,·
1709 2439 1761 2465 uo
1787 2438 1831 2464 ut
1856 2430 2031 2474 pervenit
2056 2432 2098 2468 in

1080 2487 1224 2515 tetrum
1239 2488 1435 2515 carcerem
1453 2475 1674 2524 cenidium
1708 2474 1797 2518 uiffe
1815 2502 1830 2525 3
1864 2481 1905 2518 δι
1923 2483 2033 2519 omni
2051 2485 2102 2521 ci—

1079 2526 1133 2566 bo
1152 2530 1191 2567 &
1209 2539 1310 2575 potu
1328 2526 1582 2574 destitutum,
1603 2527 1672 2570 *die
1687 2527 1801 2571 sexto
1819 2543 1956 2578 aperto
1973 2526 2102 2572 carc'e-

1080 2592 1144 2626 re,
1174 2582 1375 2619 inventum
1396 2578 1524 2620 adhuc
1545 2576 1753 2628 spirantem
1770 2606 1784 2628 ,
1812 2579 1904 2629 jussu
1928 2582 2097 2634 Philippi

1078 2629 1244 2680 praefedti
1257 2628 1363 2673 fuisse
1377 2630 1521 2682 laqueo
1541 2631 1841 2684 strangulatum.

1135 2697 1180 2733 19
1210 2683 1347 2734 Parum
1367 2680 1539 2725 valuisset
1558 2686 1659 2733 apud
1688 2687 1969 2730 Constantium
1986 2685 2103 2732 haeres

1078 2739 1198 2777 ticum
1218 2733 1448 2777 Sardicenfis
1469 2740 1718 2779 oecumenicae
1735 2740 1886 2790 Synodi
1899 2741 2097 2782 decretum

1077 2799 1150 2837 pro
1173 2785 1413 2834 Athanasio,
1444 2785 1513 2827 nisi
1529 2788 1763 2832 Catholicus
1784 2793 1965 2842 Princeps
1985 2795 2097 2838 Con-

1078 2840 1180 2881 stans
1205 2843 1283 2887 ejus
1311 2837 1452 2880 ursilser
1486 2844 1757 2884 executionem
1775 2867 1790 2889 ,
1827 2847 2100 2888 interminatus

1077 2889 1104 2932 fi
1120 2905 1203 2933 tam
1217 2891 1310 2941 iusta
1323 2891 1531 2940 postulatio
1550 2895 1789 2943 rejiceretur,
1817 2898 1853 2937 ie
1871 2909 2007 2945 aperto
2017 2898 2098 2940 bel-

1077 2943 1120 2984 lo
1154 2943 1193 2984 id
1225 2956 1508 2984 executurum.
1552 2945 1692 2996 Itaque
1727 2947 1986 2989 Constantiu.-
2022 2964 2103 3000 pra

1077 2993 1294 3037 Athanasio
1315 2994 1470 3044 scribit,
1498 3009 1541 3037 ut
1561 2996 1611 3038 ad
1629 2997 1825 3046 pristinam
1851 2999 1970 3041 sedem
1990 3004 2098 3043 redu-

1077 3061 1212 3092 catur5
1241 3044 1301 3087 sed
1316 3047 1389 3088 illa
1406 3063 1487 3089 non
1509 3047 1582 3091 fuit
1602 3049 1786 3091 diuturna
1806 3053 2074 3104 trmnquillitas
2087 3073 2099 3095 ι

1077 3102 1330 3151 Magnentius
1356 3102 1461 3141 enim
1480 3113 1669 3151 tyrannus
1687 3127 1703 3150 ,
1731 3101 1880 3154 sumpta
1900 3106 2104 3158 imperiali,

1076 3152 1178 3202 apud
1223 3150 1547 3206 Augustodunum
1591 3168 1756 3204 purpura
1774 3181 1788 3203 ³
1832 3157 2105 3202 Constantem

1077 3219 1141 3253 per
1164 3205 1536 3251 Gaisonein·‘ducem
1565 3208 1667 3255 apud
1692 3209 1876 3256 oppidum
1903 3212 2095 3254 Helenam

1077 3260 1262 3306 Pyrenaeo
1292 3249 1740 3304 proximunh'ntersecit,
1767 3275 1875 3302 anno
1896 3273 1979 3312 350.
1990 3268 2095 3306 T2n..

1078 3323 1121 3349 to
1150 3321 1241 3359 ergo
1269 3310 1491 3356 protectore
1519 3310 1719 3351 destitutus
1742 3311 1976 3356 Athanasius
1994 3315 2096 3368 fuge-

1078 3376 1117 3402 re
1146 3374 1310 3404 iterum,
1353 3364 1563 3412 omniaque
1598 3361 1762 3404 latibula
1792 3379 1962 3416 quaerere
1989 3374 2094 3421 cogi·
2160 3361 2162 3365 ἁ

1077 3428 1164 3459 tur,
1193 3412 1434 3453 Constantio
1461 3416 1557 3455 vires
1583 3426 1714 3456 omnes
1741 3418 1968 3460 intendente
1988 3424 2029 3462 in
2051 3424 2095 3463 ii-

1075 3466 1147 3506 lius
1166 3467 1350 3512 exitium,
1380 3478 1562 3522 novaque
1583 3468 1622 3506 in
1642 3467 1718 3509 dies
1739 3470 2010 3512 Conciliabula
2030 3488 2095 3514 co·

1075 3530 1188 3570 gente
1214 3518 1253 3557 in
1289 3517 1440 3558 diversis
1477 3531 1662 3559 terrarum
1699 3521 1904 3572 partibus,
1940 3526 1989 3565 ad
2016 3529 2094 3572 ejus

1078 3569 1450 3611 condemnationem
1487 3587 1500 3609 ε
1552 3571 1770 3624 Qotquot
1829 3576 1922 3616 vero
1979 3575 2095 3618 scele-

1077 3625 1171 3678 ratis
1229 3622 1394 3663 decretis
1423 3623 1724 3678 *renitebantur
1749 3648 1765 3674 ,
1816 3627 2029 3668 carceribus
2075 3654 2095 3680 2

1644 3677 1683 3723 G
1895 3679 2048 3733 exiliis,
2082 3680 2097 3693 ”
