2430 3958
725 140 1110 224 Historica
1154 134 1530 256 “synopsis

115 257 301 314 pasti-ldie
341 250 458 301 mane
492 260 668 305 trajicere
703 258 869 307 putabat
887 282 904 307 ,
944 270 1064 309 atque
1095 269 1145 298 ex

117 308 332 372 improviso
343 313 556 355 chticum
584 310 635 352 ad
662 310 876 362 oppofitam
904 312 1026 360 ripam
1052 323 1146 351 con·

112 369 264 408 venire:
289 361 356 406 luc
382 363 477 405 vero
505 377 664 405 omnem
685 363 799 415 Regis
825 362 1064 414 diligentiam
1081 375 1155 402 an.-

113 420 295 464 tevettit·‚
321 417 362 458 δι
380 418 446 456 vix
471 413 719 457 illucescente
744 413 922 457 diluculo
948 414 1000 456 ad
1025 425 1146 462 oppo-

113 469 227 513 fitam
243 471 366 518 ripam
382 471 601 519 navigavit.
630 468 722 510 Dici
739 478 826 508 non
841 464 969 516 potest
981 491 998 514 a
1022 465 1142 519 quam

113 519 231 566 fuerit
265 519 332 562 ille
365 518 586 572 congressus
624 522 729 561 inter
762 533 801 560 m
852 532 924 559 nos
951 519 1144 577 Principes

114 577 252 616 animo
278 574 320 614 δι
338 575 449 613 omni
490 575 634 614 virtute
660 574 805 620 conjun
852 568 991 612 iffimos
1018 565 1145 610 mirifi-

117 640 210 674 cuS,
237 625 373 673 laetus,
400 627 441 666 &
457 622 733 675 obsequiosus,
762 620 869 663 fimul
881 623 1003 662 Sacrae
1021 623 1145 673 Syna-

114 682 157 720 xi
176 674 457 725 iuterfuerunt,
485 674 594 717 fimul
613 674 850 729 pranderunt
861 698 876 721 ς
889 672 996 715 fimul
1013 686 1144 714 aman-

114 729 252 772 tiffime
280 730 328 771 de
353 727 723 779 promovendoDei
747 727 889 783 cuitu=23
912 722 1144 785 deEcclefie

112 780 445 831 amplificatione,
472 781 520 822 de
539 778 857 823 Christianorum·
876 776 1023 828 ubique
1048 791 1144 817 con·

109 833 340 876 stabilienda
367 846 462 882 pace
490 830 684 874 sermones
700 829 968 872 :conciderunt
983 855 999 877 ‚
1037 828 1143 880 Rege

113 888 261 937 ubique
311 884 606 935 praecedentiam
637 884 865 932 Imperatori
907 879 1105 923 deferente
1128 906 1142 926 ‚

108 938 191 981 hoc
217 936 313 980 vero
339 934 637 979 constantissime
663 931 885 982 recusante,
911 931 1142 985 congteffus—

111 1004 193 1044 que
229 1004 366 1031 omnes
403 989 454 1031 ad
490 1001 666 1029 mutuam
702 983 836 1028 saltem
876 987 1141 1037 aequalitatem

109 1044 342 1087 reducente:
367 1043 414 1085 In
441 1037 595 1083 discessu
623 1037 722 1080 nihil
748 1035 950 1086 fincerins,
977 1037 1074 1079 nihil
1102 1052 1141 1079 a·

109 1098 283 1138 mantius
320 1095 535 1145 excogitari
571 1091 697 1141 potest
713 1115 730 1139 ‚
771 1087 1140 1141 magnificentiffuna

105 1151 295 1199 utrinque
322 1144 458 1188 oblat-a
484 1157 668 1190 munera,
697 1140 758 1184 sed
785 1145 968 1196 utrinque
995 1139 1137 1184 recusa-

107 1213 187 1249 ta,
220 1202 351 1248 paucis
387 1200 559 1244 exceptis
596 1193 786 1243 cimeliis,
823 1208 870 1235 ac
904 1193 1137 1236 munusculis

105 1249 313 1302 religiofis.
342 1246 576 1296 Rodolphus
604 1246 755 1287 Glaber
781 1246 894 1297 lib.3.
920 1261 1007 1298 cap.
1025 1263 1060 1288 2.

187 1331 198 1343 .
225 1306 284 1344 Ut
299 1301 453 1350 Imperii
467 1300 691 1340 Germanici
711 1297 868 1348 plenior
889 1302 1035 1341 notitia
1061 1298 1139 1340 elu-

104 1316 500 1407 cesimtjfaliquanto
527 1348 646 1391 altius
673 1345 788 1393 series
821 1348 1046 1394 resumenda
1064 1353 1137 1393 Im-

102 1420 330 1460 peratorum
356 1417 517 1452 eorum,
545 1406 614 1455 qui
642 1402 727 1451 post
754 1404 972 1445 extinCtam
992 1403 1136 1446 Caroli

102 1463 245 1512 Magni
261 1453 644 1510 progeniemvsolium
661 1456 864 1504 Imperiale
880 1469 1135 1505 occuparunt.

101 1511 319 1562 Arnulpho
335 1511 569 1560 Imperatori
603 1511 679 1557 ejus
713 1506 816 1548 filius
842 1508 864 1550 a
893 1507 1136 1557 Principibus

97 1567 314 1608 Germanis
339 1577 389 1605 ex
413 1560 550 1603 eadem
574 1560 718 1603 Caroli
749 1561 888 1612 Magni
917 1560 1027 1610 stirpe
1054 1558 1135 1601 suc-

99 1615 223 1659 cessor
248 1617 363 1659 datus
390 1613 444 1655 est
460 1613 684 1655 Ludovicus
710 1613 781 1655 111.
805 1627 916 1654 anno
942 1627 1031 1659 900.
1057 1613 1134 1654 Sed

98 1669 192 1711 huic
228 1668 434 1721 postquam
469 1677 599 1706 annos
632 1665 838 1707 duodecim
873 1678 1033 1717 regnum
1078 1678 1132 1706 te·

97 1725 215 1770 nuit,
239 1719 321 1763 fine
347 1718 475 1768 liberis
500 1715 688 1767 defuneto
715 1714 970 1769 subrogavere
990 1718 1134 1758 Princi-

97 1788 191 1825 pem
211 1775 417 1816 Saxonem
441 1768 702 1813 conradum.
738 1772 814 1811 Hic
852 1767 920 1810 sub
947 1770 1035 1809 vitae
1062 1767 1133 1809 suae

95 1830 252 1868 exitum
284 1823 352 1866 fibi
385 1820 597 1874 designavit
642 1820 891 1864 successorem
919 1823 1133 1862 Henricum

96 1879 284 1922 Saxoniae
300 1877 484 1925 Ducem,
510 1874 658 1915 dietum
675 1873 871 1928 Aucupem,
900 1873 953 1914 ob
979 1876 1133 1922 aucupii

93 1929 286 1974 studium.
313 1927 459 1978 Rogati
485 1927 704 1966 Germania:
731 1929 913 1968 Proceres
940 1925 1045 1967 hanc
1071 1926 1134 1968 de·

94 1979 361 2035 signationem
387 1990 514 2019 ratam
541 1976 711 2020 habuere
728 2005 738 2017 .
766 1976 833 2018 Ab
861 1977 938 2018 hoc
954 1979 1133 2028 Hungari

0 2019 8 2075 Ᾰ.
90 2032 205 2130 {firi
232 2045 354 2074 antea
372 2030 627 2073 Germaniam
661 2027 856 2071 incursare
890 2043 939 2070 ae
964 2028 1134 2078 depopu-

165 2089 198 2134 '‚
225 2084 432 2146 perdomiti
458 2080 568 2145 bello
595 2078 822 2133 repreffique
848 2078 938 2124 sunt
956 2110 967 2121 .
994 2083 1134 2142 Henri.

92 2153 149 2183 co
177 2136 333 2188 Aucupt
359 2132 462 2177 filius
487 2148 564 2184 ejus
590 2131 760 2175 lucceffit
787 2133 902 2176 Otho
927 2133 983 2174 ob
1009 2134 1133 2175 meto-

91 2195 175 2236 rias
203 2188 380 2242 infignes'
393 2188 631 2238 cognomine
653 2188 840 2238 Magnus.
868 2187 950 2237 Qui
960 2185 1128 2246 Romam

93 2240 327 2295 profectus,
352 2238 591 2281 acclamatus
617 2236 672 2278 est
697 2239 915 2295 Imperator
935 2262 951 2286 ³
978 2236 1130 2289 fuitque

93 2299 120 2337 ὸ
146 2294 307 2386 {panae
335 2295 442 2342 Papa.
477 2291 562 2334 xn-
599 2302 818 2350 coronatus
839 2318 860 2329 ..
885 2287 1128 2349 Defuan

93 2353 156 2391 Ot
187 2359 306 2387 onem
336 2346 528 2396 Magnum
560 2354 715 2391 excepit
752 2338 945 2391 ipfius&
971 2341 1127 2384 Adelai-

89 2400 153 2442 dis
179 2396 284 2441 filius
312 2395 427 2442 ‚Otho
451 2398 500 2438 11.
535 2397 655 2437 Hunc
690 2407 803 2444 pater
837 2397 880 2435 in
915 2394 1127 2437 Vormariae

88 2453 264 2494 comitiis
290 2447 360 2492 fibi
385 2448 584 2499 delegerat
611 2443 860 2488 successorem
886 2461 943 2493 acy
961 2448 1125 2488 Germa-

83 2508 167 2548 miae
207 2502 350 2553 Regem
383 2515 492 2542 anno
525 2507 616 2548 961·
650 2498 850 2559 Eundem.
873 2497 1124 2559 ppsteaquam

85 2557 263 2599 Romam
298 2553 459 2596 advenit
475 2577 493 2601 2
539 2550 806 2604 Imperiahbus
839 2550 1047 2602 mixgmbus
1082 2553 1124 2592 δε

18 2631 22 2645 :
86 2622 243 2652 corona
279 2606 476 2648 redimivit
511 2603 687 2660 joannes
723 2605 833 2653 Papa
858 2595 963 2645 xm.
998 2604 1122 2650 Hujus

80 2660 250 2706 fortuna
295 2661 338 2700 in
381 2657 489 2699 bello
532 2656 745 2698 admodum
780 2652 906 2704 dispar
950 2659 1120 2704 parentis

19 2700 21 2750 ᾖ
85 2712 187 2757 fuit.
215 2713 377 2754 Contra
397 2711 559 2753 Gtaecos
591 2713 728 2756 enim,
753 2721 979 2759 eorumque
1014 2711 1121 2749 auxi*

17 2759 20 2810 ἶ
83 2766 201 2808 hares
231 2766 451 2808 Saracenos
486 2761 604 2803 illato
641 2760 748 2803 bello
786 2773 940 2802 tantam
967 2764 1118 2810 accepit

86 2817 246 2862 cladem
263 2840 281 2864 ς
317 2829 361 2856 ut
387 2817 509 2864 copiae
545 2812 656 2865 ipsius
681 2827 819 2855 omnes
846 2815 1117 2858 internecione

76 2871 226 2915 deletae
252 2867 429 2915 fuerint,
471 2864 546 2916 ipse
573 2879 705 2907 autem
740 2865 922 2907 natando
956 2867 997 2905 in
1025 2863 1116 2916 suga

79 2927 352 2972 interceptam
379 2922 421 2960 &
439 2923 508 2960 vix
537 2918 678 2960 oblato
710 2920 837 2967 pretio
864 2915 1117 2958 clamdimiss

15 2973 21 3007 ἶ
79 2968 171 3024 fus,
199 2974 306 3016 haud
335 2971 402 3014 diu
429 2970 516 3020 post
552 2978 722 3012 moerore
755 2970 953 3012 extinetus
981 2970 1035 3011 est
1064 2994 1075 3007 .

137 3040 177 3078 5.
203 3025 362 3069 Othoni
381 3027 484 3074 patri
499 3022 667 3066 succeffit
677 3021 790 3065 Otho
810 3025 974 3070 tertius,
992 3035 1113 3073 ‚quem

83 3081 303 3132 Gregorius
329 3080 491 3129 quintus
519 3080 684 3118 natione
705 3078 817 3118 Saxo
836 3076 1112 3125 Imperatorem

86 3132 224 3174 Romae
249 3129 457 3172 salutavit·
483 3127 552 3171 Iste
579 3133 735 3178 recepta
762 3128 810 3169 de
829 3126 1007 3168 manibus
1017 3129 1114 3170 Cre-

78 3182 216 3226 {centii
236 3180 425 3224 Consulis
453 3181 620 3224 Adriani
653 3181 790 3228 mole,
825 3192 944 3231 quam
965 3192 1114 3230 tyran-

79 3237 170 3279 nice
206 3232 402 3276 invaserat
418 3257 436 3283 2
478 3248 619 3276 contra
663 3232 778 3275 fidem
821 3233 954 3273 datam
999 3230 1111 3272 illum

77 3301 210 3331 morte
235 3288 440 3329 damnavit
452 3311 477 3342 ,ᾖ
495 3285 653 3341 ejusque
681 3298 847 3327 uxorem
884 3282 951 3325 fibi
977 3287 1111 3327 matri-

65 3342 216 3383 »monio
242 3342 388 3389 junxit.

131 3400 169 3434 6.
196 3391 588 3437 PostOthonemIII.
607 3391 659 3437 ad
687 3391 843 3441 Imperii
869 3389 1026 3431 eulmen
1053 3388 1111 3432 as-

74 3444 210 3487 cendit
236 3443 404 3487 Sanetus
436 3446 629 3489 Henticus
658 3446 833 3489 Bavariae
862 3444 957 3483 Dux
977 3465 994 3490 2
1039 3446 1110 3495 qui

14 3518 17 3530 ι
70 3495 321 3546 vStephanum
336 3498 430 3538 Hun
457 3501 545 3540 ariae
562 3499 733 3551 Regem,
759 3496 853 3542 data
884 3496 921 3534 ei
948 3495 991 3534 in
1011 3509 1108 3536 con-

14 3574 16 3586 ;
75 3551 199 3604 iugem
239 3546 371 3591 sorore

434 3562 484 3590 ua
523 3550 635 3594 Gisia
651 3575 670 3600 2
713 3548 836 3602 ipsum
873 3548 916 3602 δι
950 3559 1110 3593 omnem

1188 258 1431 311 Hungariam
1465 263 1515 304 ad
1551 260 1664 303 fidem
1692 260 1968 306 Christianam
1992 260 2168 306 traduxit
2193 288 2205 301 .

1238 324 1274 359 7·
1303 313 1510 366 Postquam
1536 312 1735 357 sanstitate
1759 312 1916 367 infignis
1940 317 2132 358 Henricus
2157 315 2208 356 11·

1188 374 1316 405 morte
1343 364 1408 407 sua
1434 365 1484 408 ad
1519 365 1671 414 superos
1701 365 1883 409 conceffit
1900 393 1917 416 ,
1949 367 2130 419 legitimis
2142 370 2205 408 iei-

1187 412 1274 455 dem
1301 421 1470 460 comitiis
1498 415 1674 459 suffectus
1698 419 1752 460 est
1772 420 2014 469 Conradus2.
2038 433 2089 463 ex
2104 421 2206 462 vora

1188 471 1314 509 matiae
1338 470 1525 512 Ducibus<
1557 474 1748 521 originem
1790 471 1933 514 ducens
1951 497 1967 520 2
2008 485 2138 524 quem
2161 474 2205 511 in

1187 522 1308 562 aetatis
1333 523 1548 569 primordiis
1575 521 1598 563 a
1625 526 1789 573 propriis
1814 520 2110 575 consanguineis
2127 519 2204 566 des-

1186 571 1372 621 Pedium,
1411 573 1685 624 Barchardus3
1733 575 2013 618 Vormatienfis
2049 571 2207 625 Episco,

1187 635 1279 670 pus,
1307 625 1412 676 quafi
1438 626 1668 674 adoptivum
1685 652 1701 676 ³
1730 630 1771 668 in
1798 625 1903 669 suam
1929 642 2063 669 curam
2088 625 2205 669 susce.

1186 687 1324 724 perat,
1358 680 1579 729 magnaque
1612 676 1816 721 sedulitate
1844 678 2088 721 instituerat.
2124 681 2204 720 Hic

1183 730 1297 767 annis
1324 730 1615 780 quatuordecim
1651 735 1691 772 in
1721 732 1888 780 Imperio
1920 733 2070 774 exastis
2097 730 2202 779 apud

1184 780 1406 828 Trajeetum
1466 780 1588 824 Frifiae
1641 787 1806 825 moritur
1874 796 1984 826 anno
2053 782 2201 826 Christi

1187 843 1292 882 1039.
1422 850 1425 853 ⁴
1639 861 1648 869 ,
2016 838 2021 866 ε

1234 887 1271 925 8.
1295 887 1413 928 Hune
1439 883 1540 928 filius
1575 884 1757 929 successor
1790 891 1941 939 excepit
1966 890 2157 931 Hem-icus
2183 911 2202 937 ‚

1180 933 1323 979 eleetus
1348 938 1511 990 primum
1539 940 1762 981 Germaniae
1787 940 1870 982 Rex
1885 967 1900 990 2
1936 946 2004 994 qui
2032 943 2198 983 necdum

1179 988 1306 1041 dictus
1333 992 1550 1040 Imperator
1576 990 1784 1033 Ecclesiam
1818 993 1998 1035 divexare
2034 998 2158 1043 coepit
2186 1015 2205 1042 ῃ

1180 1053 1301 1092 atque
1328 1046 1574 1094 tyrannicam
1601 1043 1775 1085 adversus
1810 1059 1896 1086 eam
1932 1045 2110 1096 usurpare
2137 1060 2202 1088 au·

1178 1093 1432 1143 &oritatem3
1461 1108 1547 1146 qua>
1561 1096 1831 1137 Ravennatem
1856 1096 2203 1147 Archiepiscopum

1178 1146 1373 1188 abdicavit
1407 1162 1472 1188 an.
1513 1160 1625 1198 1045.
1660 1149 1814 1190 Deinde
1850 1150 2084 1201 Gregorium
2122 1147 2201 1190 sex·

1178 1211 1262 1239 tum
1299 1199 1520 1240 Romanum
1557 1200 1790 1241 Pontificem
1827 1198 1928 1243 solio
1962 1200 2199 1251 Apostolico

1177 1252 1331 1302 exegit,
1359 1249 1505 1292 intruso
1535 1254 1574 1292 in
1608 1267 1693 1294 eam
1718 1253 1853 1294 Sedem
1878 1254 2068 1305 Suidgero
2090 1257 2200 1296 Bam-

1176 1302 1364 1353 bergenfis
1393 1301 1568 1345 Ecclefiae
1598 1302 1783 1345 Antistite
1803 1329 1820 1352 2
1856 1309 1922 1356 qui
1952 1304 1989 1346 se
2017 1306 2200 1348 Clemen-

1177 1368 1258 1397 tem
1294 1353 1503 1396 secundum
1541 1359 1759 1397 nominavit
1777 1380 1796 1404 2
1830 1355 1854 1396 a
1882 1370 1963 1408 quo
1992 1358 2132 1399 unitus
2156 1360 2197 1397 δε

1175 1407 1439 1457 proclamatus
1476 1408 1529 1450 est
1564 1409 1698 1449 Romae
1733 1410 1948 1457 Imperator
1994 1423 2072 1449 una
2107 1423 2197 1450 cum

1174 1464 1340 1511 conjuge
1366 1458 1522 1510 Agnete
1547 1475 1658 1501 anno
1689 1469 1796 1510 1046.
1822 1459 2038 1502 Istiusmodi
2065 1461 2196 1502 Eccle-

1175 1510 1233 1554 fiae
1267 1526 1333 1561 per
1368 1512 1492 1555 laicos
1527 1513 2023 1562 opprimendae'licentiam
2050 1516 2195 1562 primus

1173 1563 1241 1606 fibi
1267 1562 1471 1605 asstruerat
1498 1567 1714 1613 Imperator
1740 1565 1885 1613 Otho,
1920 1568 1999 1614 ejus
2027 1567 2197 1606 nominis

1173 1620 1318 1667 primus
1337 1641 1353 1665 2
1390 1615 1575 1666 prosperis
1609 1631 1807 1658 armorum
1844 1615 2070 1658 succeffibus.
2096 1617 2194 1658 abu·

1174 1680 1280 1717 tens,
1307 1667 1505 1721 longeque
1531 1667 1657 1719 dispar
1685 1669 1836 1710 Carolo
1864 1671 2018 1721 Magno
2034 1694 2050 1717 2
2078 1670 2197 1710 Fran-

1173 1735 1308 1762 corum
1323 1720 1444 1771 Regi,
1473 1721 1676 1771 Religione
1702 1724 1918 1771 praecipuo,
1946 1724 2015 1772 qui
2042 1718 2114 1762 suis
2137 1736 2196 1762 ar-

1173 1776 1242 1814 mis
1275 1770 1487 1815 Ecclefiam
1524 1772 1747 1814 Romanam
1791 1772 1952 1815 mirifice
1987 1771 2196 1823 amplifica-

1174 1838 1307 1873 νεῖαι,
1336 1822 1405 1868 suo
1434 1839 1483 1865 ue
1518 1825 1629 1866 cultu
1657 1827 1698 1865 &
1725 1821 1971 1868 observantia
1999 1839 2198 1878 quamma-

1173 1878 1276 1918 xime
1308 1876 1412 1918 hone
1445 1890 1604 1929 averat.
1645 1879 1855 1919 Praetextus
1890 1878 1983 1919 vero
2027 1878 2195 1920 exuendi

1172 1927 1410 1970 Pontificatu
1439 1930 1672 1980 Gregorium
1700 1927 1849 1971 sextum
1870 1955 1883 1976 ,
1911 1944 1992 1971 non
2021 1930 2116 1973 alius
2141 1930 2194 1972 ab

1172 1983 1347 2022 Henrico
1375 1979 1686 2029 obtendebatur,
1714 1982 1832 2032 quam
1860 1987 1954 2035 quia
1990 1981 2075 2026 suus
2101 1998 2198 2026 con-

1172 2030 1298 2073 sensus
1326 2047 1408 2074 non
1434 2031 1561 2075 fuerat
1593 2034 1615 2073 ὲ
1642 2031 1782 2075 sanstae
1807 2034 1996 2077 Romanae
2021 2034 2195 2078 Ecclesiae

1172 2084 1450 2127 Cardinalibus
1476 2084 1710 2127 eiectoribus
1736 2090 1928 2136 expetitus
1946 2118 1956 2128 .
1990 2087 2071 2138 Ipse
2098 2089 2192 2130 vero

1171 2139 1384 2189 Gregorius
1407 2138 1619 2187 praevidens
1645 2137 1843 2181 horrenda
1871 2143 1911 2181 &
1936 2144 2086 2184 atrocia
2113 2142 2192 2183 bel·

1169 2189 1241 2238 la,
1278 2203 1406 2241 neque
1429 2188 1592 2233 sortaffis
1619 2204 1792 2243 unquam
1825 2191 1993 2235 defitura
2019 2191 2192 2236 schisma·

1169 2256 1232 2290 ta,
1259 2241 1284 2282 fi
1311 2246 1367 2289 jus
1396 2237 1503 2284 stium
1531 2245 1630 2284 tueri
1657 2243 1863 2290 vellet,.se
1889 2246 2029 2288 lubens
2057 2248 2190 2289 Ponti-

1163 2292 1260 2335 ficio
1286 2294 1482 2336 abdicavit
1498 2320 1514 2343 2
1554 2310 1720 2337 veterem
1755 2296 1865 2338 illam
1900 2299 2080 2349 Gregorii
2109 2300 2192 2340 Na-

1166 2348 1347 2387 zianzeni
1367 2347 1678 2388 moderationem
1695 2351 1893 2397 imitatus,
1929 2349 1967 2392 se
1993 2349 2192 2398 Constans

1165 2397 1437 2446 tinopolitano
1453 2398 1602 2439 throno
1624 2397 1765 2448 sponte
1791 2401 2029 2445 demittentis
2043 2432 2054 2443 .
2185 2437 2186 2441 ,

1216 2463 1253 2497 9.
1281 2453 1470 2491 Henricus
1495 2450 1702 2502 postquam
1737 2467 1796 2494 res
1830 2454 1949 2497 Italiae
1986 2457 2036 2496 ad
2082 2455 2190 2499 suum

1162 2500 1618 2551 composuirarbitrium,
1649 2516 1853 2554 metuens2-
1875 2522 1924 2551 ne
1951 2521 2018 2556 per
2044 2506 2098 2549 sui
2124 2509 2191 2550 ab·

1161 2552 1339 2596 sentiam
1358 2553 1532 2601 faitione
1565 2554 1700 2607 aliqua
1733 2561 1934 2606 promotio
1969 2559 2190 2603 Clementis

1160 2606 1751 2659 perturbaretur„-Gregorium
1775 2610 1798 2650 a
1819 2608 1872 2652 ⁴se
1906 2611 2120 2661 depofitum
2147 2616 2188 2655 in

1161 2661 1415 2703 Germaniam
1442 2657 1570 2700 secum
1601 2659 1795 2710 abduxit,
1827 2666 1892 2704 cui
1919 2679 2051 2706 comes
2066 2665 2188 2707 adhae·

1158 2710 1203 2753 fit
1246 2710 1537 2752 Hildebrandus
1580 2711 1768 2754 Romanae
1822 2714 1998 2757 Ecclefiae
2041 2719 2187 2758 Diaco-

1157 2778 1256 2812 nus,
1286 2766 1355 2814 qui
1377 2766 1424 2804 in
1441 2766 1498 2804 'en
1525 2761 1764 2813 perfectione
1792 2767 1976 2808 Cluniaci
2010 2770 2051 2808 in
2078 2770 2187 2817 3Ga1›

1156 2815 1211 2857 lia
1238 2813 1401 2858 substitit
1420 2841 1436 2864 2
1462 2815 1594 2867 ibique
1629 2818 1886 2860 monasticum
1919 2817 2101 2868 profeffus
2129 2822 2183 2864 est

1154 2866 1398 2909 institutum.
1691 2908 1694 2913 Ζ
2174 2903 2177 2908 ,

1211 2925 1270 2960 Io.
1298 2922 1466 2962 Mortuo
1494 2919 1596 2962 haud
1634 2921 1762 2963 multo
1802 2925 1888 2974 post
1925 2924 2134 2968 Clemente
2167 2951 2184 2975 3

1153 2973 1343 3015 Henricus
1375 2971 1541 3013 Romam
1569 2973 1667 3015 mifit
1706 2976 1910 3023 Poponem
1949 2975 2184 3027 Episcopum

1153 3023 1480 3072 Brixiensem‚.ut
1508 3028 1550 3065 in
1579 3023 1806 3068 Pontificem
1840 3026 2128 3071 consecraretur
2156 3055 2182 3079 .‚

1153 3079 1408 3128 quiomnium
1435 3074 1548 3117 suffra
1578 3080 1619 3117 iis
1647 3091 1843 3128 receptus,
1869 3080 2027 3123 Damafi
2053 3079 2182 3124 secun.

1153 3131 1191 3170 di
1234 3127 1301 3170 fibi
1337 3142 1483 3169 nomen
1521 3132 1665 3172 acivit·
1703 3131 1778 3173 Sed
1814 3132 1891 3173 hoc
1927 3134 2034 3176 brevi
2059 3138 2179 3176 etiam

1153 3180 1373 3228 defuneto,
1410 3196 1460 3221 ne
1494 3180 1636 3222 diutius
1673 3183 1842 3226 Ecclesia
1876 3185 2053 3228 indebito
2088 3191 2179 3238 jugo

1153 3237 1340 3274 cervicem
1366 3229 1586 3282 subjiceret,
1625 3232 1730 3275 missa
1763 3236 1817 3277 est
1851 3236 1873 3277 ὲ
1906 3236 2109 3280 Romanis
2129 3239 2180 3281 ad

1151 3288 1362 3329 Henricum
1387 3284 1556 3336 legatio,
1585 3301 1667 3326 non
1694 3301 1741 3328 ea
1767 3288 1924 3339 quidem
1950 3304 2079 3333 mente
2094 3317 2111 3340 ‚
2137 3305 2180 3334 ut

1152 3336 1229 3388 ipse
1244 3340 1388 3386 Papam
1421 3337 1600 3387 eligeret,
1628 3335 1690 3380 sed
1707 3339 1874 3382 Romam
1908 3340 2021 3384 illum
2054 3346 2179 3385 mitte-

1153 3403 1234 3439 ret,
1262 3390 1554 3440 quemmaxime
1574 3390 1708 3432 utilem
1733 3392 1949 3441 judicaret,
1978 3407 2021 3436 ut
2048 3410 2096 3437 ex
2115 3410 2178 3436 ve-

1152 3445 1225 3485 teri
1250 3455 1359 3482 more
1386 3441 1605 3484 &Concilio
1617 3442 1890 3486 cardinalium
1917 3447 1958 3487 in
1987 3444 2066 3496 ipsa
2084 3447 2178 3488 urbe

1149 3495 1352 3546 eligeretur
1379 3496 1420 3535 &
1447 3506 1763 3543 promoveretur.
1788 3499 1982 3539 Henricus
2005 3502 2177 3540 maximo

1153 3549 1277 3590 totius
1296 3545 1470 3589 Ecclefiae
1485 3547 1696 3589 commodo
1704 3549 1931 3591 Brunonem
1938 3548 2173 3592 Tullenfium

1723 3599 1798 3643 D'd
1851 3613 1871 3652 3
2080 3603 2122 3642 in
