2430 3958
8 611 10 613 ·
66 617 311 655 nothelitarum
339 614 447 656 aperte
477 613 647 648 damnavit
672 637 681 646 .

237 207 1034 294 ConcilC'onstantiuJ
1050 209 1101 291 I·
1119 204 1509 289 universale
1525 218 1689 288 an.6
1699 213 1814 288 80.

69 328 167 367 licet,
189 326 210 360 si
227 323 361 368 possunt
377 323 438 359 tria
458 321 622 365 generalia
641 322 819 368 Concilia,
841 320 1089 369 prasentibns&

69 368 308 411 praesidentibus
327 365 472 408 pluribus
489 362 690 405 Afiostolicae
708 364 791 402 sedis
809 365 1091 407 Legatiscelebra-

67 420 104 444 ta
121 433 132 450 ,
152 410 278 446 sextum
296 431 307 448 ,
329 407 498 448 septimum
517 429 528 452 ³.
551 409 585 452 ὃς
604 405 761 443 οᾶανιιηι
779 418 788 439 =
808 414 946 452 arguant
962 404 984 439 si
1002 405 1091 452 lubet

68 451 244 486 Pontifices
261 451 329 485 n'on
347 457 479 482 tantum
497 449 656 490 dignitate
674 471 684 487 ,
717 446 768 481 sed
787 456 855 480 vita
871 455 972 482 etiam
990 456 1092 482 mori.

68 492 189 536 busque
204 490 418 529 sanctiffimos
437 490 588 524 Leonem
606 491 647 523 11.
669 494 701 522 &
719 488 987 534 Hadrianum-ll.
1005 498 1092 534 quo-

67 546 144 569 rum
160 534 217 571 iste
236 535 395 568 Romano
413 530 572 567 Concilio
592 530 758 576 praefidens
777 552 788 568 ,
809 529 1004 566 Honorium
1021 540 1090 564 non

69 585 106 611 ut
121 587 184 621 ‚ego
202 572 479 618 pusillanimitatis
498 576 531 606 &
553 571 789 617 simulationis,
808 570 860 616 scd
879 570 1000 617 haeresis
1009 569 1090 616 Mo-

711 611 937 657 Criminentur
962 612 1089 653 insuper

67 659 272 695 Anastasium
292 656 440 691 Ecclesiae
461 656 622 690 Romanae
640 652 930 698 Bibliothecarium
949 675 960 691 ,
982 653 1000 686 S
1026 663 1089 687 no-

68 705 186 736 dorum
211 700 274 736 suis
302 697 505 739 temporibus
534 697 714 733 habitarum
742 695 885 738 septimae
907 694 941 726 δε
960 705 983 740 9
1019 705 1086 727 avae

67 756 106 778 ex
126 745 250 779 Graeco
274 741 308 774 in
329 739 486 775 Latinum
495 739 743 776 translatorem,
765 745 823 778 qu1
833 733 1087 781 Honoriidam..

67 785 262 822 nationem,
282 794 385 824 ¹quarn
409 780 443 814 in
464 779 589 815 Graecis
610 777 753 822 legebat,
775 786 813 808 ex
823 775 876 822 sua
885 775 1086 823 Latinaver-

67 827 155 861 sione
177 837 246 863 non
268 822 419 865 expunxit
438 846 446 854 .
468 819 665 868 (Quinetiam
687 827 719 850 in
741 817 865 853 Leonis
885 817 1086 864 secundi-vi..

67 877 104 900 ca
127 867 214 900 idem
237 865 341 899 ass'crit
360 888 372 903 ,
393 863 588 897 Honorium
608 871 673 896 una
694 869 766 891 cum
779 857 882 904 *Cy-ro
901 880 912 897 ,
941 859 1051 905 bergio
1073 882 1083 898 ‚

67 908 197 950 Pyrrho
215 931 226 947 ,
259 906 363 940 Paulo
383 929 394 945 ,
426 905 521 938 Petro
541 911 639 947 atque
661 900 810 945 Macerio
832 900 922 935 inisse
942 910 975 932 ln
998 903 1082 946 serta

63 950 202 990 synodo
225 950 437 983 damnatum.
458 945 526 986 Ipse
546 944 673 988 insuper
692 940 822 986 sanstus·
841 941 927 987 Papa
937 941 1007 975 Leo
1018 945 1084 974 sex-

62 1000 134 1024 tam
153 991 324 1032 Synodum
341 989 375 1021 in
401 986 559 1022 Latinum
585 991 679 1018 vertit
697 1005 708 1021 ‚
737 992 797 1015 nec
813 992 847 1014 in
860 984 921 1016 sua
943 982 1083 1019 versione

66 1031 216 1069 Honorii
227 1030 473 1065 damnationem
487 1025 647 1069 suppressit
657 1049 666 1058 .
689 1022 841 1058 Praefatus
850 1035 985 1069 quoque
992 1026 1082 1059 Ana.

8 1080 9 1087 ¹
64 1073 172 1110 stasius
191 1073 224 1106 in
241 1072 364 1118 octava
377 1079 475 1117 quam
491 1066 654 1102 transtulit
669 1066 806 1107 Synodo
821 1063 969 1100 consedit
987 1073 1010 1104 ‚·
1020 1065 1083 1100 ita..

63 1125 128 1156 que
149 1114 273 1156 optime
291 1113 414 1146 rescivit
433 1135 443 1150 ‚
464 1110 545 1152 quid
563 1109 597 1143 in
615 1108 730 1155 eadem
746 1106 882 1147 Synodo
902 1108 940 1139 de
959 1107 1083 1154 Hono-

55 1157 114 1193 *cio
135 1155 237 1190 fuisset
258 1153 467 1190 constitutum
485 1163 496 1184 :
517 1154 550 1183 δε
573 1150 665 1195 liuius
686 1147 810 1194 octavae
831 1149 1082 1196 translationem

63 1196 156 1234 'suam
186 1195 361 1233 Hadriano
390 1193 530 1226 secundo
561 1189 719 1224 Pontificr
734 1190 894 1234 dedicavit
912 1214 919 1221 .
951 1190 1081 1223 Deinde

61 1239 156 1271 stiam.
171 1236 310 1284 septima:
326 1233 600 1278 translationem,
622 1242 684 1275 qua
707 1229 854 1263 similiter
873 1233 1026 1278 damnata
1036 1232 1081 1266 est

61 1278 211 1314 Honorii
232 1275 390 1314 memoria
401 1298 411 1313 ‚
428 1274 555 1317 Joanni
577 1272 697 1305 octavo
709 1270 827 1305 Romae
839 1271 990 1307 Pontifici
1001 1283 1082 1308 con..

59 1318 264 1361 sequentibus
286 1317 380 1351 annis
400 1315 601 1351 lucubratam
622 1311 776 1354 inscripsit
796 1337 803 1344 .
837 1313 1006 1359 Damnem
1025 1316 1080 1348 de-

57 1363 160 1404 nique
177 1358 390 1401 amplislimos
410 1361 444 1390 &
453 1354 671 1392 meritissimos
679 1364 752 1387 tum
763 1365 983 1390 maximorum
994 1355 1082 1390 Pon,-

59 1403 205 1441 tificum,
226 1410 297 1439 tum
315 1399 551 1436 Romanorum
569 1395 804 1443 Conciliorum
823 1397 964 1442 Legatos
981 1420 992 1436 ,
1022 1397 1080 1444 qui

57 1443 158 1486 usque
176 1443 262 1480 adeo
286 1440 424 1484 perditas
447 1439 481 1473 in
499 1438 737 1485 Honoriuma
759 1439 854 1472 sacris
876 1438 1017 1484 'Syn-odis
1036 1450 1079 1471 ir-

55 1494 187 1526 rogatas
205 1482 387 1522 calumnias
404 1505 416 1521 ‚
436 1485 470 1515 δε
489 1480 568 1515 salsa
586 1489 753 1517 comicia,
774 1488 843 1514 tam
865 1479 951 1526 segni
969 1483 1002 1515 δε
1021 1479 1080 1513 fla-

54 1525 175 1568 gitioso
193 1524 323 1563 silentio
341 1523 579 1566 approbarunt.
602 1519 645 1555 Et
663 1519 684 1552 si
704 1519 771 1552 haec
791 1531 907 1555 omnia
918 1532 977 1555 nec
988 1523 1080 1556 dam-

54 1578 133 1600 nare
149 1566 276 1607 ausint,
299 1576 358 1599 nec
375 1563 569 1606 supprimere
588 1561 705 1603 poffint
718 1572 732 1600 ,·
754 1563 927 1596 advertant
946 1564 1079 1598 demum

53 1606 86 1641 se
104 1608 137 1645 in
155 1608 318 1645 abolenda
340 1618 394 1645 re,
415 1616 488 1651 qua?
508 1614 586 1650 tam·
599 1602 850 1649 multiplicibus,
871 1613 1005 1652 tamque
1024 1615 1078 1637 ve-

52 1649 254 1687 nerabilibus
273 1647 390 1682 nititur
408 1647 603 1681 testimoniis
620 1668 631 1684 ‚
653 1646 871 1691 immoderato
886 1645 1006 1691 affectu
1017 1645 1079 1692 stu-

54 1690 179 1732 dioque
198 1689 311 1726 frustra
329 1689 476 1725 laborare
487 1711 495 1719 .
517 1686 610 1732 Cum.
626 1686 913 1731 vcro-testimonia
924 1687 1080 1722 domesti-

52 1743 193 1771 corum,
214 1732 266 1766 vel
288 1733 361 1773 quae
382 1728 456 1771 quis
476 1727 625 1769 des'eipso
637 1726 779 1773 proici-t,
800 1727 1009 1774 quantumvis
1019 1727 1080 1761 ho-

53 1774 150 1807 nestae
169 1773 245 1806 vitae
267 1772 324 1811 sit,
347 1771 477 1805 nullam
498 1769 532 1803 in
553 1770 617 1809 jure
635 1768 733 1814 sidem
749 1767 1080 1815 sacrantffiiuipeetae-

51 1826 118 1856 que
145 1815 324 1851 habeantur
349 1822 463 1847 omnes
489 1810 550 1846 five
577 1809 788 1855 domesticae,
819 1810 931 1845 sivein
951 1811 1078 1854 propria

51 1854 401 1891 causatestificationes
411 1876 422 1892 ,
446 1852 480 1885 id
495 1853 588 1897 quuod
598 1862 635 1885 ex
645 1850 786 1896 MaXimi
797 1850 1014 1894 disputatione
1024 1854 1080 1885 de,

49 1897 209 1935 sumitur5
223 1895 367 1939 joannis
382 1893 607 1938 testimonium
618 1915 628 1930 ‚
650 1902 708 1937 qui
724 1900 804 1927 tunc
822 1893 987 1927 Secretarii
1005 1892 1079 1926 fun-

55 1937 191 1980 gebatur
207 1935 319 1971 officio
338 1935 393 1969 siib
418 1935 577 1979 Honorio
597 1931 754 1967 Pontifice
770 1956 782 1971 ,
811 1944 925 1974 parum
940 1934 1079 1980 convin-

49 1978 117 2017 cit,
138 1987 255 2019 utpote
272 1986 408 2017 utraque
429 1975 608 2014 suspicione
630 1973 783 2008 laborans
802 1997 813 2012 ,
835 1978 868 2008 δε
886 1976 1077 2015 domestici,

51 2055 184 2098 'actoris
203 2059 310 2102 agitur
327 2071 335 2094 z
359 2061 392 2090 &
417 2067 450 2090 in
471 2066 599 2097 propria
618 2053 730 2100 caiisa,
753 2056 991 2102 quiaijoannes
1010 2057 1075 2098 ipse

31 2112 33 2114 ·
47 2098 144 2146 'grave
162 2100 342 2140 incurrebat
351 2098 550 2139 vituperium
561 2119 570 2135 ,
593 2096 721 2141 eoqlpso
731 2099 821 2138 quod
833 2097 970 2131 invisam
979 2098 1073 2134 illam

48 2143 224 2185 epistolam
235 2140 364 2189 propria
383 2150 483 2175 manu
502 2138 724 2184 descripserat.
748 2138 791 2171 Et
809 2137 854 2171 ita
863 2138 1073 2175 Honorianae

47 2185 325 2228 praevaricatioriis
336 2181 494 2218 delifflaim
514 2181 548 2212 in
567 2179 673 2220 ipsum
684 2179 853 2227 Joannem
862 2189 897 2214 ut
907 2180 1074 2216 constium

46 2231 344 2272 &cooperatorem
355 2222 601 2258 refundebatur.
623 2219 712 2265 Qus
730 2221 828 2267 porro
846 2221 925 2257 ausit
942 2223 1072 2256 asserere

46 2268 111 2303 hoc
121 2279 188 2306 uno
200 2267 232 2300 in
244 2265 371 2312 propria
379 2263 472 2297 causa
483 2287 493 2302 ‚
518 2273 645 2298 necnon
656 2264 797 2296 Domini
816 2266 850 2307 ὃς
860 2262 1071 2298 benefactoris

48 2309 171 2354 proprii
181 2307 331 2343 officioso
342 2305 517 2341 mendacio
529 2327 538 2343 ‚
561 2305 601 2336 ad
611 2306 732 2351 grande
740 2303 907 2350 utriusque
928 2305 1071 2351 =robrum

48 2349 275 2386 amoliendum
285 2347 432 2382 adhibito
443 2370 454 2386 ,
476 2345 656 2391 insimulari
666 2344 912 2391 debere-flagitio
928 2356 1071 2392 aeimpo-

47 2392 140 2428 ssuraes
151 2414 161 2429 ‚
184 2400 240 2423 aut
249 2389 375 2425 stolidae
385 2387 586 2425 credulitatis
597 2409 607 2424 ‚
627 2396 678 2420 tot
689 2386 882 2427 amplissima
893 2386 1047 2421 Concilia
1060 2410 1070 2426 ,

47 2432 224 2468 Pontifices
242 2454 252 2469 ,
275 2431 450 2466 Romanos
467 2430 610 2470 Legatos
627 2451 638 2466 ‚
661 2432 694 2461 &
711 2429 1071 2474 venerandosAntisti..

46 2475 127 2507 tes?
150 2473 268 2506 Parum
285 2471 362 2506 vero
382 2472 470 2510 iuvat
496 2471 586 2514 quod
615 2468 749 2513 Agatho
778 2468 926 2503 Pontifex
955 2469 988 2502 in
1014 2469 1068 2503 sua

46 2516 88 2550 ad
109 2513 364 2548 Constantinum
380 2512 531 2553 Epistola
550 2510 683 2556 scribit,
713 2510 821 2544 sedem
837 2510 1067 2552 Apostolicam

45 2567 218 2597 nunquam
229 2553 370 2590 defecisse
380 2577 391 2592 ,
412 2562 466 2595 aut
479 2553 611 2586 deficere
621 2575 631 2591 ‚
655 2554 853 2598 suorumque
864 2553 1068 2599 praedecesso-

42 2601 117 2634 rum
131 2597 302 2634 'neminem
326 2595 359 2630 in
381 2595 444 2629 fide
460 2594 634 2627 aberrasse.
658 2595 696 2626 In
715 2604 828 2634 primis
845 2604 934 2629 enim
946 2596 984 2627 de
995 2596 1066 2628 sede

10 2622 24 2632 ”
39 2638 234 2680 Apostolica
243 2647 410 2677 nunquam
419 2635 533 2668 errasse
542 2657 553 2674 ,
575 2645 680 2681 neque
697 2632 765 2667 futu
771 2645 841 2668 rum
852 2646 886 2667 ut
896 2646 977 2681 erret
987 2647 1068 2670 con-

19 2688 21 2691 ’
42 2680 202 2717 trasidem
219 2679 461 2716 orthodoxam,
482 2676 654 2712 catholici
675 2687 788 2710 omnes
808 2677 896 2711 ultro
906 2678 1065 2716 fatentem

26 2719 95 2759 wsed
115 2725 147 2756 δε
167 2720 320 2755 omnibus
339 2719 373 2755 in
390 2717 535 2753 confesso
553 2718 598 2754 est
616 2740 626 2756 ‚
649 2719 690 2751 ad
709 2718 941 2763 Apostolicam
961 2720 1065 2753 sedem

44 2774 114 2800 nori
134 2762 289 2804 pertinere
307 2760 468 2802 quidquid
486 2759 639 2794 ‘Summus
649 2759 798 2794 Pontisex
818 2758 968 2802 privatim
980 2784 989 2799 ‚
1013 2762 1062 2797 vel

41 2803 164 2847 scriptis
174 2805 224 2836 vel
235 2814 291 2837 ore
302 2800 420 2844 profert
431 2800 549 2849 ..Q'uo
567 2799 601 2832 in
612 2811 727 2847 genere
745 2802 940 2847 collocanda
951 2803 995 2835 esi
1005 2802 1063 2839 illa

83 2845 194 2882 onorii
205 2844 329 2886 privata
348 2846 388 2878 ad
408 2853 569 2888 privatam
587 2842 686 2884 Sergii
703 2842 1045 2889 epistolam-responsio
1056 2869 1064 2877 .

39 2921 43 2924 ,
59 2891 117 2920 nsu
141 2897 174 2921 er
192 2884 339 2919 accurate
358 2885 420 2917 hoc
438 2884 543 2925 ipsum
563 2906 572 2922 ‚
593 2884 684 2926 quod
703 2884 793 2924 supra
812 2885 879 2916 dixi
898 2908 908 2923 ‚
931 2897 1066 2927 pei-pen-

42 2898 185 2964 dendiiim
202 2927 266 2966 est,
289 2938 330 2963 nc
347 2925 460 2960 in.illa
478 2925 612 2966 quidem
630 2925 754 2966 privata
766 2925 1064 2971 ‘Honoriiepistola

39 2968 220 3011 quidquam
236 2967 396 3003 contineri
406 2967 498 3008 quod
510 2965 652 3002 haeresim
670 2975 777 3008 aperte
797 2965 897 3009 sapiat
909 2990 918 3006 ,
941 2970 991 3001 vel
1003 2971 1064 3002 do-

39 3018 138 3047 ceatgt
150 3009 281 3045 Etiamsi
301 3010 363 3043 hoc
380 3008 473 3045 simul
485 3018 597 3040 verum
606 3006 662 3046 sit,
684 3008 853 3054 verborum
870 3009 1064 3051 ambiguita-

39 3059 73 3084 te
92 3061 146 3094 per
162 3051 265 3088 animi
276 3059 402 3086 metum
413 3073 422 3088 ,
446 3049 537 3095 suam
561 3051 622 3089 (ut
631 3059 693 3091 ego
702 3049 875 3096 existimo)
896 3050 1019 3086 τεᾶαηι
1030 3055 1062 3087 δε

40 3091 252 3128 Catholicam
278 3092 377 3129 fidem
397 3091 591 3126 Honorium
609 3101 678 3124 non
696 3093 808 3126 ausum
825 3101 905 3128 tunc
924 3092 1065 3131 manife-

41 3134 142 3166 stare.
163 3133 246 3169 Non
265 3132 434 3176 ignorabat
453 3133 588 3178 Agatho
609 3131 696 3178 Papa
713 3133 825 3179 „quid
845 3142 920 3166 ante
938 3133 1063 3170 Hono..

40 3174 147 3212 rium,
171 3173 295 3209 duobus
311 3174 385 3210 aliis
403 3174 569 3208 Romanis
588 3173 798 3208 Pontificibus
816 3174 1059 3213 Marcellino&

11 3238 15 3244 ι
38 3214 174 3258 Liberio
196 3214 392 3263 contigisset:
414 3226 559 3257 quorum
581 3214 670 3256 prior
692 3226 745 3256 per
767 3215 872 3257 pusilli
896 3215 1060 3250 animivi-

39 3256 126 3294 tium
145 3254 245 3289 idolis
264 3255 439 3293 formidine
457 3257 573 3292 mortis
592 3256 760 3291 litaverat.
785 3257 945 3293 Posterior
962 3259 1059 3299 vcro,

28 3297 236 3332 ‘similimetu
245 3297 480 3343 cumaviditate
498 3299 724 3339 recuperandae
744 3298 882 3342 pristinae
893 3298 1060 3341 dignitatis

22 3339 216 3383 {poniunfto
234 3361 244 3377 ‚
267 3348 302 3370 in
319 3338 555 3384 Conciliabulo
578 3339 781 3374 Arianorum
802 3339 962 3373 Sirmiensi
989 3364 999 3380 ,
1023 3346 1057 3378 &-

20 3382 34 3422 ’ἷ-
72 3380 254 3416 thanasiuiii
265 3383 455 3422 praecipuam
463 3381 658 3417 orthodoxae
668 3380 743 3416 fidei
754 3382 946 3415 columnam
956 3384 989 3418 &
1000 3393 1057 3418 co..

32 3424 33 3428 ’
110 3432 150 3458 en
161 3423 391 3467 damnaverat,
413 3425 446 3455 δε
464 3421 672 3464 suppreffioni
691 3422 1054 3464 consubstantialitatis,

62 3474 111 3500 uae
122 3462 294 3499 militantis
306 3461 451 3507 Ecclesiae
473 3463 622 3498 adversus
645 3463 787 3498 Arianos
808 3463 978 3498 certissima
988 3476 1054 3502 erat

74 3544 77 3546 .
95 3516 148 3541 era
159 3527 170 3544 ,
191 3503 246 3549 sua
257 3513 356 3549 manu
366 3501 600 3549 subscripserat.
623 3504 756 3550 Qiibus
773 3505 911 3546 expensis
919 3505 1055 3541 circum-

42 3542 270 3622 ssntiisfacile
292 3545 488 3585 intelligitur
509 3554 683 3587 utrumque
702 3547 900 3585 verumeffe,
922 3550 1053 3590 &quod

79 3586 198 3621 'onorio
221 3597 275 3627 per
295 3584 598 3627 pusillanimitatem
618 3587 813 3628 culpabilem
837 3587 972 3630 contigit
990 3612 1002 3629 ‚
1023 3593 1057 3626 δε

75 2031 130 2053 uia
150 2021 192 2055 de
210 2017 303 2053 rebus
321 2015 443 2061 proprii
461 2013 606 2060 Domini
623 2037 634 2052 ,
657 2013 815 2060 simulque
834 2014 963 2058 insignis
981 2016 1077 2049 benc„
1095 2030 1097 2032 ’

1937 235 2076 304 25¹

1127 320 1223 360 quod
1240 319 1425 362 Agathon'is
1437 319 1576 362 epistola
1595 319 1737 362 perhibet
1753 343 1764 360 ,
1795 318 1965 355 neminem
1982 320 2147 362 praeeesse,-

1132 370 1206 406 rum
1222 359 1355 396 suorum
1372 374 1391 395 a
1408 361 1581 397 Catholica
1598 363 1660 394 fide
1671 362 1826 400 deviaffe5
1846 361 1996 404 quamvis
2005 361 2150 395 Marcel-

1130 401 1239 437 lmum
1258 405 1291 436 &
1307 403 1475 440 Liberium
1491 402 1530 436 ab
1548 403 1609 435 illa
1618 403 1838 445 propositione
1849 401 1986 437 'minime
1995 402 2157 478 excipias„

1129 453 1273 488 quorum
1290 444 1394 479 animi
1402 444 1603 486 propofltuin
1624 444 1792 486 nunquam
1808 445 1900 478 afide
1910 445 2056 478 alienum
2077 444 2145 490 uit,

1126 484 1251 530 etiamsi
1261 495 1375 522 contra
1384 485 1528 523 debitam
1537 496 1603 525 eius
1621 485 1869 527 professionem,
1891 497 1959 520 non
1991 485 2149 520 erdesini-

1129 533 1256 562 tionem
1267 537 1305 560 ex
1322 526 1516 570 Apostolica
1526 526 1598 561 sede
1609 550 1620 566 ,
1641 526 1693 561 sed
1713 539 1768 570 per
1785 528 1947 571 privatam
1977 526 2146 563 imulatio-

1130 577 1208 600 nem
1229 568 1425 615 deliquerint
1437 592 1447 600 .

1173 618 1220 645 ιφ.
1240 609 1329 643 Inter
1347 608 1556 652 Apostolicos
1577 610 1719 652 Legatos
1740 610 1882 645 maxima
1905 610 2043 644 illorum
2060 609 2146 643 ratio

1130 648 1325 690 habebatur,
1345 651 1404 693 qui
1423 652 1463 683 ad
1481 649 1637 685 Concilia
1658 651 1866 690 orientalia,
1884 651 2148 693 »praet'ertimvero

1125 692 1328 736 oecumenica
1346 715 1357 731 ,
1388 692 1543 729 Romana
1571 704 1608 725 ex
1629 692 1705 726 urbe
1726 692 1938 726 mittebantur
1960 705 1969 732 ;
1998 691 2148 735 praecipui

1123 742 1216 764 enim
1238 733 1396 770 momenti
1417 744 1465 767 res
1485 742 1553 766 erat
1574 732 1707 767 unitatis
1720 733 1928 768 Ecclesiarum
1945 735 2146 767 conservatio

1126 784 1200 818 quae
1221 773 1358 808 minime
1375 774 1539 811 consistere
1557 775 1661 815 potest
1677 775 1736 807 nisi
1755 775 1881 809 duobus
1903 775 2040 809 vinculis
2061 776 2146 808 inter
2193 784 2200 792 ·

1128 815 1190 861 sese
1209 815 1324 861 mutuo
1333 816 1589 854 tonnecrantur,
1614 816 1737 850 unitate
1754 817 1850 856 fidei,
1872 820 1904 850 δε
1924 817 2048 850 unitate
2058 817 2146 857 capi-

1126 863 1186 902 tis}
1208 866 1316 890 unitas
1333 857 1411 902 fidei
1430 857 1594 891 dirimitur
1610 868 1664 898 per
1681 857 1823 892 haeresim
1841 882 1850 897 ,
1873 859 1980 892 unitas
1997 857 2075 892 vero
2093 870 2147 891 ca·-

1126 906 1202 937 pitis
1221 909 1275 938 per
1292 898 1481 937 schismata,
1505 900 1536 931 &
1556 897 1751 932 rebelliones
1768 901 1924 941 erigentes
1944 900 1973 933 se
1995 899 2144 934 alversiis

1122 939 1338 975 constitutum
1354 951 1372 973 a
1391 940 1468 974 Deo
1479 939 1746 980 caputEcclesiae.
1770 941 1859 985 (Quia
1879 941 1956 975 vero
1976 941 2142 975 Diabolus

1125 979 1250 1026 semper
1267 981 1423 1014 advi¹ilat
1440 983 1481 1014 ad
1500 990 1670 1024 utramque
1690 983 1738 1014 vel
1758 984 1947 1017 alterutram
1962 995 2002 1016 ex
2021 983 2142 1016 duabus

1123 1030 1283 1055 unionem
1294 1022 1337 1055 dis
1352 1024 1530 1068 olvendam
1539 1045 1549 1060 ‚
1573 1022 1745 1062 praesertim
1757 1024 1809 1055 ubi
1819 1034 1936 1059 coeunt
1947 1024 2144 1063 diversarum

1125 1062 1374 1109 Provinciarum
1396 1076 1416 1098 a
1437 1063 1628 1109 seinvicem
1651 1065 1935 1098 remotissimarum
1958 1065 2112 1099 Concilia
2133 1089 2145 1104 ‚

1124 1104 1356 1145 sapientissimo
1376 1105 1514 1140 consilio
1537 1106 1600 1144 jam
1623 1105 1698 1138 inde
1716 1106 1904 1147 api-roribus
1925 1107 2072 1153 Ecclesiae
2091 1106 2147 1139 siz-

1122 1145 1207 1178 culis
1223 1146 1462 1189 provisumest,
1486 1156 1520 1192 ut
1540 1146 1608 1187 post
1627 1147 1764 1181 indistas
1784 1148 1815 1180 in
1837 1148 2146 1182 Orienteineundas

1122 1187 1276 1228 synodos
1294 1211 1304 1227 ,
1333 1189 1402 1230 quo
1421 1198 1514 1228 pauci
1530 1199 1568 1220 ex
1590 1187 1770 1222 Occidente
1792 1190 1956 1223 confluere
1984 1191 2110 1231 possunt
2133 1212 2144 1227 ,

1125 1228 1299 1265 Romanus
1318 1229 1466 1267 Pontifex
1489 1252 1513 1274 ‚⁸
1530 1239 1712 1263 convocato
1731 1231 1868 1272 apudse
1889 1231 2147 1265 occidentalium

1124 1269 1363 1311 Episcoporum
1382 1270 1559 1308 Concilio,
1581 1271 1720 1311 synodis
1739 1271 1771 1304 in
1789 1272 1930 1312 Oriente
1948 1283 2149 1314 congregan-

1126 1312 1174 1344 dis
1195 1314 1373 1352 praeludat,
1396 1311 1589 1353 quaestiones
1607 1312 1683 1344 fidei
1701 1312 2047 1356 diligenterexploret‚
2069 1325 2144 1355 91η-

1123 1352 1242 1394 niaque
1272 1351 1398 1387 solicite
1434 1362 1585 1394 praeparet
1625 1355 1666 1386 ad
1695 1363 1866 1395 utramque
1903 1366 2148 1388 commemora-

1119 1402 1190 1429 tam
1227 1394 1390 1431 unitatem
1408 1398 1440 1428 δε
1464 1406 1574 1436 pacem
1590 1395 1808 1428 conducentia
1838 1420 1845 1428 .
1872 1395 1919 1428 Ex
1938 1395 1986 1428 his
2005 1397 2083 1428 vero
2105 1395 2144 1427 si-

1123 1446 1161 1469 ve
1183 1435 1346 1473 Romanis
1364 1459 1374 1475 ‚
1403 1436 1465 1469 sive
1485 1435 1751 1470 Lateranensibus
1778 1436 1963 1475 Conciliis,
1984 1447 2080 1469 certae
2102 1439 2137 1469 δε

1121 1476 1248 1514 eximiae
1270 1479 1461 1519 delegantur
1477 1480 1517 1511 ad
1547 1477 1752 1511 orientalem
1774 1479 1948 1520 Synodum
1969 1476 2111 1519 personae
2133 1501 2143 1515 ,

1120 1518 1196 1552 aliae
1227 1519 1363 1560 quidem
1394 1531 1431 1554 ex
1463 1520 1579 1552 Latere
1602 1518 1750 1552 Romani
1774 1519 1967 1552 Pontificis:
2000 1519 2048 1552 his
2066 1518 2145 1552 vero

1123 1559 1200 1593 solis
1224 1560 1428 1595 incumbebat
1451 1561 1575 1603 praeesse
1596 1561 1730 1601 Synodo
1752 1571 1827 1594 ante
1847 1560 2060 1603 quoscunque
2083 1560 2145 1594 Pa-

1119 1600 1275 1635 *triarchas
1292 1601 1439 1643 aliosque
1456 1601 1629 1635 Antistitcs
1647 1624 1658 1640 ,
1684 1611 1781 1643 atque
1799 1612 1875 1635 ante
1897 1613 2013 1637 ornnes
2036 1604 2145 1635 decre-

1121 1641 1162 1676 tis
1184 1642 1392 1681 s'ubscribere,
1414 1642 1512 1676 sinon
1522 1641 1907 1684 opponebanturliteris,
1929 1644 2142 1684 quasaSum-

1121 1694 1177 1717 mo
1201 1684 1359 1722 Pontificc
1381 1683 1578 1723 referebant,
1599 1683 1880 1718 commonitoriis,
1904 1684 2039 1718 Caeteris
2060 1685 2138 1718 vero

1123 1724 1273 1758 Rotnani
1296 1725 1442 1762 Concilii
1464 1725 1594 1767 Legatis
1616 1736 1733 1758 munus
1754 1725 1981 1765 incumbebat,
2004 1735 2040 1759 ut
2062 1737 2143 1759 con-

1122 1775 1218 1800 venta
1240 1765 1324 1805 inter
1351 1767 1547 1805 ,Romanum
1581 1766 1776 1802 Pontificem
1798 1767 1927 1810 ejusque
1950 1767 2143 1801 Concilium

1121 1807 1306 1841 executioni
1335 1807 1475 1843 fideliter
1505 1809 1760 1841 mandarentur.
1789 1811 1903 1848 Atque
1931 1808 1981 1841 isti
2010 1809 2143 1850 quidem

1120 1859 1196 1882 cum
1219 1848 1379 1890 prioribus
1403 1849 1435 1882 in
1457 1848 1543 1882 idem
1564 1848 1713 1889 officium
1734 1849 1980 1891 conspirabant,
2002 1862 2070 1883 non
2091 1861 2143 1883 ta-

1121 1900 1197 1925 men
1219 1899 1255 1923 ut
1285 1890 1380 1936 primi
1411 1890 1462 1924 iili
1492 1890 1696 1935 praeficiebant
1715 1914 1726 1929 ,
1758 1890 1809 1927 sed
1831 1900 1942 1927 tamen
1966 1890 2056 1924 sellio
2078 1891 2144 1936 illis

1120 1931 1191 1972 post
1212 1931 1410 1967 Patriarchas
1429 1931 1624 1965 honoratior
1645 1931 1843 1965 servabatur.
1867 1934 1905 1965 ld
1928 1932 2006 1965 vero
2025 1933 2145 1973 perspi-

1117 1970 1178 2005 cue
1201 1972 1234 2006 i'n
1255 1973 1312 2008 ista
1333 1973 1424 2006 tertia
1444 1972 2009 2018 oecumenica*Constantinopoleos
2031 1974 2141 2016 Syno-

1119 2014 1184 2051 do,
1207 2016 1487 2054 quemadmodum
1510 2017 1544 2047 sc
1567 2014 1600 2047 in
1620 2014 1692 2048 aliis
1711 2013 1892 2056 plerisque,
1915 2015 2076 2048 cernimus
2087 2016 2142 2049 ob.

1118 2053 1280 2088 servatum
1299 2080 1306 2087 .
1329 2055 1499 2091 Praesident
1528 2055 1617 2089 enim
1640 2056 1698 2096 qui
1719 2057 1845 2089 Summi
1869 2056 2035 2106 Pontificis
2056 2057 2140 2091 vices

1116 2105 1252 2137 geiunt,
1275 2096 1437 2138 prinn'que
1460 2106 1648 2138 proponunt
1669 2096 1913 2141 &subsignann
1934 2098 2058 2133 tametsi
2070 2111 2137 2132 non

1116 2137 1216 2170 essent
1239 2137 1391 2181 Episcopi
1410 2161 1420 2177 ,
1450 2138 1652 2174 Theodorus
1673 2139 1841 2180 Presbyter
1863 2139 1989 2173 Sanetae
2012 2140 2140 2173 Roma-

1114 2189 1179 2213 naeae
1188 2178 1356 2218 Ecclefiae,
1378 2179 1559 2221 Gregorius
1577 2179 1747 2224 Presbyter
1755 2181 1785 2214 S.
1797 2182 1839 2214 R.
1851 2181 2043 2224 E.Joannes
2053 2181 2139 2215 Dia-

1113 2230 1216 2266 conus
1236 2221 1266 2253 S.
1290 2221 1332 2257 R.
1356 2220 1395 2253 E.
1416 2219 1593 2266 sequuntur
1602 2231 1744 2263 quatuor
1763 2222 1955 2256 Patriarchae
1973 2222 2138 2265 Georgius

1114 2260 1291 2303 Episcopus
1312 2261 1622 2304 Constantinopolis
1642 2274 1737 2298 novae
1761 2264 1881 2298 Romae
1892 2288 1902 2303 ,
1921 2264 2035 2301 ,Petrus
2049 2264 2139 2298 Pres-

1114 2301 1208 2347 byter
1228 2306 1262 2336 δε
1284 2304 1397 2338 locum
1419 2302 1545 2339 servans
1566 2303 1645 2337 sedis
1662 2306 1892 2341 Alexandriae,
1915 2306 2137 2346 Theophanes

1112 2342 1290 2384 Episcopus
1318 2345 1561 2389 Theopoleos,
1594 2345 1626 2378 id
1651 2347 1696 2379 est
1722 2346 1910 2380 Antiochiae
1928 2369 1939 2385 ,
1969 2346 2135 2390 Georgius

1114 2383 1282 2429 Presbyter
1300 2386 1412 2421 locum
1419 2397 1531 2428 gerens
1543 2386 1918 2429 ledisjerosblymorum
1928 2412 1936 2420 .
1959 2388 2033 2421 Hos
2043 2388 2134 2422 dein.

1113 2426 1152 2458 de
1170 2426 1317 2472 sequit-ur,
1324 2426 1471 2470 joannes
1492 2426 1665 2468 Episcopus
1686 2428 1978 2463 Theisalonicensis
1990 2433 2023 2463 δε
2041 2432 2135 2475 Apo-

1111 2466 1234 2512 stolicae
1254 2468 1334 2501 sedis
1354 2467 1472 2513 Romae
1490 2469 1631 2514 Legatus
1650 2493 1660 2508 ,
1691 2469 1815 2511 aliique
1835 2470 1983 2512 deinceps
2003 2471 2137 2512 Episco-

1110 2518 1145 2585 lpi
1179 2518 1317 2555 nurnero
1353 2519 1500 2555 quinque
1537 2511 1616 2544 sedis
1645 2511 1849 2554 Apostolicae
1874 2512 1989 2547 veteris
2017 2513 2136 2548 itomae

1141 2558 1255 2591 egati·
1729 2575 1738 2585 .

1132 2728 1639 2773 CONCJLJABULUJJJ
1676 2732 2111 2784 QUJNJSEXTUM

1206 2779 1505 2830 Constantinopoli
1537 2784 1572 2817 in
1599 2784 1716 2819 Trullo
1751 2782 1909 2821 habitum
1943 2799 2031 2821 anno

1494 2831 1635 2877 Christi
1663 2833 1748 2879 692.

1110 2941 1137 2966 ι,
1163 2929 1234 3005 D
1244 2926 1538 2973 Uodecimexa&is
1548 2939 1565 2960 a
1576 2927 1660 2974 serta
1671 2929 1874 2965 oecuinenica
1884 2928 2022 2971 Synodo
2033 2933 2128 2966 annis

1250 2969 1440 3014 Justiniano
1470 2980 1666 3014 cognomine
1684 2970 1901 3004 Rhinotmete
1918 2972 2129 3008 Constantini

1109 3010 1352 3054 Pogonatisilio
1362 3021 1467 3044 rerum
1479 3020 1642 3052 potiente,
1665 3014 1706 3044 ad
1723 3014 1855 3045 clavum
1873 3023 1984 3047 autem
2002 3014 2130 3051 sedente

1106 3054 1216 3096 Sergio
1237 3051 1413 3098 Pontificet,
1434 3051 1619 3098 Christique
1638 3064 1725 3098 anno
1744 3056 1816 3089 602.
1836 3054 1965 3090 habitus
1980 3057 2025 3089 est
2035 3057 2129 3092 Con-

1105 3095 1325 3139 stantinopoli·
1341 3092 1566 3128 Orientalium
1586 3092 1764 3130 Praesulum
1782 3106 1960 3129 conventus
1979 3097 2013 3130 in
2023 3098 2093 3132 Tru
2101 3101 2129 3132 l-

1106 3137 1143 3172 lo
1162 3135 1342 3182 Imperialis
1361 3134 1478 3167 Palatii
1496 3134 1671 3169 Secretario
1691 3134 1825 3177 superne
1843 3135 2004 3173 fornicato
2025 3163 2036 3178 ‚
2069 3140 2127 3182 qui

1109 3179 1190 3210 duos
1201 3178 1290 3218 supra
1298 3184 1429 3213 centum
1446 3177 1601 3209 Canones
1617 3177 1853 3213 condiderunt:
1875 3190 1973 3220 quem
1983 3192 2146 3215 conven-¹

1106 3228 1179 3251 tum
1195 3217 1331 3263 πειρέκτι]
1342 3240 1353 3256 ,
1374 3217 1408 3264 id
1426 3218 1469 3251 est
1487 3241 1500 3263 ,
1526 3220 1746 3266 Qinisextam
1771 3220 1942 3261 Synodum
1960 3233 2127 3265 nuncupa-

1107 3269 1182 3295 runt
1201 3281 1211 3296 ‚
1240 3266 1276 3291 ut
1293 3268 1323 3292 ei
1341 3267 1462 3300 quintae
1481 3260 1636 3301 sextaeque
1653 3259 1864 3300 synodorum
1891 3263 2125 3298 authoritatem

1106 3299 1340 3346 conciliarent,
1361 3300 1450 3346 quasi
1466 3311 1606 3346 canones
1618 3299 1786 3346 ‚suppremi
1806 3325 1815 3341 ,
1837 3304 1950 3344 quales
1968 3307 2040 3339 duae
2057 3305 2125 3340 illae

1104 3342 1233 3385 Synodi
1254 3342 1330 3375 solis
1348 3341 1424 3377 fidei
1442 3340 1684 3376 definitionibus
1704 3344 1836 3377 intentae
1849 3355 1923 3386 'non
1933 3345 2123 3385 ediderant,

1103 3383 1221 3425 quibus
1239 3381 1372 3417 stabiliri
1391 3382 1495 3424 posset
1515 3382 1737 3429 Eccltesiastica,
1750 3383 1938 3427 disciplina.
1963 3387 2041 3421 Hoc
2065 3389 2120 3430 ipsi

1104 3423 1261 3458 Trullani
1274 3423 1380 3470 Patres
1391 3433 1568 3468 praetexunt
1586 3435 1620 3458 in
1638 3424 1693 3458 sua
1710 3427 1750 3461 ad
1763 3425 1990 3470 Justiriia'num
2002 3429 2124 3464 Princi-

1103 3477 1177 3509 pem
1188 3465 1590 3512 procliaris'ticam-atione·
1612 3464 1758 3502 Ducenti
1777 3467 1892 3511 viginti
1913 3470 2033 3512 septem
2043 3483 2123 3505 con-

1101 3515 1258 3542 venerunt
1270 3505 1442 3553 Episcopi,
1463 3517 1554 3553 quos·
1565 3515 1648 3543 inter
1665 3519 1735 3543 non
1755 3510 1861 3550 plures
1878 3510 1980 3546 tribus
1998 3515 2031 3545 &
2042 3523 2124 3552 qua-

1104 3548 1251 3590 draginta
1263 3548 1465 3582 recensentur
1475 3559 1512 3583 ex
1522 3548 1571 3580 his
1581 3571 1592 3587 ,
1613 3548 1671 3591 qui
1681 3548 1767 3586 sexta
1777 3550 1810 3584 in
1820 3552 1957 3594 Synodo
1969 3553 2122 3586 consede-

1102 3600 1195 3624 runt.
1217 3589 1338 3632 Neque
1347 3589 1424 3625 vero
1435 3598 1538 3624 coetus
1549 3588 1605 3624 iste
1623 3590 1742 3626 censeri
1761 3601 1817 3627 aut
1837 3592 1900 3628 dici
1920 3593 2020 3636 potest
2032 3604 2121 3639 oecu-

1978 3644 2081 3668 meni-
