2430 3958
319 202 644 286 Diatriba
669 202 762 283 de
784 183 1226 311 Imaginibus
1245 200 1325 282 &
1356 228 1602 284 earum
1622 202 1827 283 ,cultu
1862 271 1875 277 -
1949 215 1984 283 2
2001 215 2100 302 67

83 318 158 354 hen.
168 316 378 356 28.'Co'ncilii
388 317 756 364 Agathcnsis,iubentem
767 314 968 364 diversorum
977 315 1107 348 sexuum

87 359 292 396 Monastetia
311 361 410 404 longe
429 359 569 393 invicem
578 359 637 392 effe
653 367 778 393 remota
791 358 944 405 ‚HSirnilia
961 357 1022 390 huc
1038 363 1108 396 pen·

82 401 222 436 tinentia
232 402 336 436 revise
346 400 488 444 superius
498 403 539 435 ad
549 412 619 435 can.
629 403 660 434 6.
669 399 821 435 Concilii
829 399 946 432 Tolet.
956 399 982 434 Ι.
1008 418 1012 426 «

32 487 34 489 ,
132 445 230 483 Can.
246 446 356 487 XXI.
383 442 469 483 Non
485 455 614 493 oporiet
637 445 877 487 Monachum,
902 443 959 477 vel
978 439 1107 478 Mona-

87 492 192 530 cham
251 499 404 542 roprium
435 494 628 543 relinquere
659 490 908 541 Monasierium
932 515 944 534 ‚
983 486 1103 541 &fid

81 541 187 590 aliud
223 557 241 582 c
261 546 438 594 conferre.
468 542 512 580 Si
532 544 595 580 ho'c
618 557 629 578 ι
651 540 729 590 sum
752 550 870 577 autem
895 539 1072 585 contigerit
1087 562 1102 583 ,

50 623 52 626 .
79 590 194 640 ipsum
217 604 255 630 ut
274 593 443 644 hospitem
463 595 577 639 accipi
603 554 655 641 effi
677 589 899 646 neceffarium
912 600 920 625 :
943 585 1011 634 sed
1025 599 1103 627 eum

82 643 192 694 recipi
201 642 273 687 fine
285 656 396 683 mente
410 644 485 692 ejus
503 641 671 688 Praesefli
684 653 746 677 non
758 647 917 676 convenit
930 663 941 674 .
968 666 974 673 .

82 827 443 869 DIATRJBA
500 827 588 867 DE
645 821 1102 872 IMAGINIBUS

79 876 81 878 Ι
433 883 473 924 (5
496 890 619 916 carum
641 871 771 915 cultas
821 901 828 909 .
960 891 965 895 -

87 985 116 1012 ιι
215 978 410 1021 Uaecunque
417 975 595 1011 instituitur
603 969 792 1014 disputatio,
801 980 825 1017 a·
830 968 976 1004 nominis
985 971 1025 1004 de
1033 979 1102 1017 quo

233 1019 446 1062 disceptatur,
466 1013 697 1060 significatione
714 1013 912 1059 exordienda
923 1012 988 1051 est,
1010 1011 1104 1059 neil-

80 1058 145 1094 lius
154 1061 363 1104 ignoratione
371 1070 428 1095 aut
438 1057 627 1096 confusione
636 1066 685 1088 res
703 1056 742 1087 de
759 1064 825 1094 qua
836 1054 1048 1094 disceptatur,
1070 1063 1104 1086 in

76 1098 205 1137 incerto
214 1102 269 1138 sit:
291 1103 300 1135 i
337 1113 412 1145 ique
421 1099 617 1142 disputantes
634 1095 748 1129 frustra
763 1103 952 1140 temereque
968 1103 1105 1141 conten-

71 1143 160 1177 ·dant
169 1167 180 1183 ,
191 1147 226 1178 δε
234 1102 432 1185 quasisgenus
441 1141 523 1175 illud
532 1137 755 1183 gladiatorum
763 1158 775 1175 ,
783 1146 843 1182 qui
853 1134 1013 1169 obvelatis
1023 1147 1101 1169 ocu-

75 1183 120 1217 lis
128 1183 167 1218 in
173 1196 270 1222 arena
279 1182 480 1217 dimicabant
489 1205 500 1220 ,
522 1177 670 1221 quosque
687 1185 872 1223 antiquitas·
883 1177 1020 1211 vocabat
1029 1178 1103 1224 An-

77 1225 234 1264 dabatas,
255 1223 384 1266 gladios
393 1223 427 1256 in
445 1222 604 1255 incertum
619 1230 676 1260 per
685 1229 768 1264 'aera
785 1220 961 1264 Ventilent.
987 1218 1026 1253 ln
1036 1230 1102 1260 pri-

77 1265 140 1299 mis
157 1267 222 1299 hoc
237 1266 440 1303 tenendum,
463 1258 561 1296 lon⁶e
580 1260 704 1294 di'verla
721 1259 784 1306 effe
797 1258 973 1302 significata
982 1270 1104 1293 vocum

74 1305 248 1349 imaginis,
271 1304 418 1345 &idoli.
438 1305 511 1338 Tra
535 1311 595 1335 unt
612 1301 703 1335 enim
722 1302 881 1342 Origenes
902 1301 1058 1335 homil.8.
1068 1301 1103 1335 in

77 1346 472 1382 Exod.&Theodoretus
489 1355 521 1386 q.
533 1343 581 1385 38.
602 1342 643 1375 in
657 1342 764 1376 Exod.
781 1352 981 1383 exponentes
989 1344 1103 1376 locum

76 1387 191 1422 Exodi
209 1400 278 1430 cap.
289 1398 341 1422 20.¹
359 1390 440 1429 Non.
445 1388 544 1428 facies
553 1387 699 1426 siulptile
710 1408 721 1423 ‚
743 1386 834 1426 quod
852 1386 1043 1425 Interpretes
1052 1394 1103 1425 70.

75 1438 207 1464 vertunt
230 1429 337 1460 ἒιδωλω
348 1452 360 1468 ,
382 1429 467 1462 inter
477 1427 700 1468 imaginem&
711 1427 842 1459 idolum
852 1425 915 1459 hoc
924 1425 985 1459 esse
995 1425 1104 1458 discri-

75 1481 176 1511 men,
197 1472 290 1518 quod
307 1471 423 1512 Imago
440 1469 477 1503 sit
493 1479 570 1501 vera
586 1466 633 1500 rei
650 1466 880 1513 repraesentatae
900 1466 1103 1513 similitudo,

74 1520 111 1546 ut
121 1511 291 1554 contingit·
302 1511 337 1546 in
357 1509 502 1546 hominis
519 1518 575 1542 aut
595 1508 703 1542 leonis
720 1508 1004 1550 repraesentatione
1015 1507 1101 1549 pidia

74 1554 127 1587 vel
146 1552 270 1596 sculpta
288 1565 298 1585 τ
321 1561 352 1586 et
380 1563 460 1585 mon
477 1551 566 1584 enim
585 1549 738 1592 imaginis
756 1573 767 1589 ‚
790 1548 835 1582 est
853 1549 893 1584 ab
911 1549 1075 1583 imitando
1093 1561 1102 1581 ε

73 1595 211 1629 Idolum
219 1603 330 1628 autem
340 1564 376 1627 sii
384 1593 464 1626 falsa
473 1591 653 1625 similitudo
662 1614 674 1630 ,
697 1591 729 1624 id
741 1590 879 1637 referens
888 1592 981 1632 quod
991 1600 1100 1637 revera

84 1646 156 1669 non
166 1636 212 1669 est
220 1647 234 1675 ,-
253 1644 291 1669 ut
302 1647 378 1668 cum
386 1633 523 1677 gentiles
533 1633 651 1666 statuas
659 1631 930 1675 repraeientabant
940 1632 1103 1678 Palladis,

78 1686 137 1710 aut
156 1677 295 1710 Veneris
318 1699 329 1716 ,
347 1675 436 1718 quasi
453 1674 652 1714 numinum,
674 1673 735 1707 illa
751 1673 839 1716 signa
848 1684 917 1707 non
935 1673 992 1707 nisi
1011 1674 1103 1706 idola

78 1728 193 1758 erant,
215 1717 293 1760 quia
303 1717 397 1751 Deos
406 1714 898 1757 foemininiiexuseffingebant,
920 1716 1103 1756 qualesnec

76 1759 126 1792 dii
136 1759 209 1793 siint
220 1783 231 1799 ,
253 1765 314 1792 nec
330 1759 391 1792 effe
408 1758 536 1799 possunt
547 1780 555 1790 .
578 1755 686 1798 Quod
703 1756 791 1790 enim
811 1756 953 1795 nonest,
975 1755 1103 1802 prorsus

77 1800 298 1843 repraesentari
314 1811 384 1834 non
403 1799 524 1840 potest.
546 1797 596 1831 Ex
614 1809 681 1840 quo
699 1797 901 1840 perspicuum
910 1797 967 1836 fit,
988 1806 1104 1840 imagi-

75 1853 135 1875 nes
152 1841 275 1875 Christi
293 1865 305 1881 ‚
326 1850 383 1874 aut
400 1841 597 1874 Sanctorum
613 1850 684 1872 non
699 1840 761 1873 else
780 1840 870 1873 idola
888 1863 896 1872 .
917 1839 977 1880 Sed
997 1849 1103 1884 neque

75 1882 275 1921 Trinitatis,
298 1891 355 1915 aut
372 1882 603 1924 Angelorum,
622 1881 748 1914 tametsi
766 1880 947 1915 humanam
965 1880 1102 1913 reserant

73 1923 214 1966 figuram
231 1946 243 1962 ,
264 1933 335 1959 nou
353 1922 441 1963 enim
458 1921 542 1954 siunt
558 1923 600 1954 ad
618 1932 651 1954 re
675 1921 910 1955 raesentandarn
926 1919 1102 1968 Trinitatis

73 1972 134 1999 aut
151 1964 361 2006 Angelorum
377 1971 530 1995 naturam
546 1961 601 1994 seu
619 1961 654 1995 su
678 1962 853 2000 stantiam,
876 1961 930 1995 fed
947 1963 988 1995 ad
998 1973 1103 2003 expri-

70 2007 231 2040 mendam
239 2004 383 2039 formam
392 2026 402 2042 ‚
425 2003 459 2036 in
468 2013 534 2044 qua
543 2002 669 2035 Sanffis
681 2002 767 2036 olim
779 2002 924 2036 Patribus
932 2002 1101 2044 apparuis-

71 2045 106 2081 se
127 2046 202 2089 ipsiu
225 2048 345 2080 docent
364 2044 534 2086 Scripturae
552 2067 563 2083 ,
593 2045 647 2078 vel
676 2042 762 2078 certe
790 2043 936 2086 ipsorum
958 2044 1103 2087 proprie.

31 2106 34 2110 ’
73 2096 160 2122 tates
168 2113 176 2121 .

114 2141 144 2164 2.
165 2129 255 2163 Istud
263 2137 385 2162 vocum
394 2126 566 2161 discrimen
583 2127 735 2162 astruitur
752 2127 848 2166 inde,
871 2125 950 2169 quia
959 2126 1102 2169 Scriptu-

69 2182 107 2205 ra
115 2170 203 2204 sacra
212 2169 373 2212 nusqiiam
384 2169 468 2202 idoli
477 2179 601 2203 nomen
612 2169 760 2214 attribuit
769 2180 852 2203 verae
863 2168 1001 2211 imagini
1011 2192 1022 2208 ,
1046 2168 1099 2203 sed

69 2212 184 2246 solum
191 2211 368 2255 gentilium
377 2209 555 2244 simulacris
564 2210 664 2244 falsos
674 2211 752 2246 deos
761 2209 970 2256 referentibus
979 2234 987 2241 .
1005 2211 1100 2244 Sacra

68 2253 210 2296 eloquia
226 2261 347 2287 vocant
365 2251 489 2285 Filium
507 2250 575 2291 Dei
595 2275 605 2291 ,
628 2251 807 2292 imaginem
826 2249 930 2298 Patris
948 2274 958 2289 ‚
980 2252 1051 2293 Sap.
1069 2263 1100 2293 7.

59 2295 223 2329 -Colos.1.
234 2298 268 2327 δε
279 2293 412 2327 Hebm.
422 2302 456 2326 at
465 2303 638 2335 nunquam
647 2293 779 2327 idolum
791 2293 893 2326 Patris
903 2291 965 2338 2Fft
978 2294 1098 2339 3.1{eg.

67 2347 104 2378 7.
117 2335 235 2369 dicitur
243 2334 348 2368 fecisse
356 2334 570 2368 Salomonem
579 2336 619 2367 ad
629 2344 785 2368 ornatum
801 2335 918 2374 templi
937 2344 1099 2376 imagines

68 2376 241 2415 Cherubin
250 2378 292 2409 ad
302 2374 551 2409 similitudinem
560 2386 598 2410 ac
607 2374 759 2418 effigiem⁴
769 2375 944 2408 hominum
953 2397 964 2413 ,
986 2385 1100 2416 praete-

69 2430 193 2461 reaque
203 2416 361 2460 imagines
377 2417 483 2462 boum
491 2441 504 2457 ,
517 2419 664 2453 *leonum
674 2440 685 2456 ‚
708 2417 891 2458 palmarum
901 2439 912 2455 ,
935 2417 1100 2462 malogra-

69 2470 228 2495 natorum
238 2478 248 2496 ,
270 2468 330 2491 nec
340 2460 477 2499 usquam
485 2467 600 2505 tamen·
615 2467 772 2493 vocantur
790 2456 882 2491 idola
891 2480 902 2496 ‚
925 2468 1003 2499 quia
1013 2458 1099 2492 scili..

70 2510 125 2536 cet
134 2510 287 2535 verarum
305 2510 413 2532 rerum
430 2499 639 2533 similitudini
656 2499 964 2547 conformabantur.
979 2502 1098 2545 ,Atque

67 2542 105 2577 in
114 2542 216 2577 veteri
227 2541 444 2574 Testamento
455 2541 546 2574 idola
559 2550 716 2582 vocantur
732 2541 900 2575 ordinarie
910 2542 924 2580 (
933 2540 1049 2575 aelilim
1059 2541 1097 2581 ,)

64 2584 187 2619 hoc-est
196 2584 325 2616 nibilum
336 2604 346 2621 ,
370 2581 423 2615 seu
441 2594 487 2615 res
504 2584 592 2616 nihili
603 2596 613 2623 3
634 2584 721 2623 cujus
732 2582 821 2615 radix
833 2581 960 2615 ducitur
967 2582 1098 2629 anega-

64 2625 161 2666 tiva(
171 2626 204 2658 al
216 2625 229 2662 )
241 2635 300 2657 non
311 2646 322 2662 ,
343 2634 539 2666 nequaquam
548 2647 558 2663 ‚
583 2637 619 2657 ne
630 2648 637 2656 .
661 2624 710 2657 Ut
722 2623 829 2657 Levit.
842 2634 888 2664 19.
900 2622 948 2655 28·
960 2626 994 2662 ὃς
1004 2624 1095 2663 alibi;

66 2668 121 2702 vel
133 2665 255 2708 (onim
266 2665 280 2703 )
291 2664 331 2697 ab
343 2667 356 2706 (
366 2675 448 2697 aven
460 2687 470 2703 ,
480 2664 495 2704 )
505 2668 596 2712 quod
615 2665 659 2699 cst
677 2669 802 2698 vanitas
814 2687 823 2704 ,
843 2673 1018 2710 peccatum.
1045 2665 1095 2699 Ut

66 2709 175 2746 Nuus.
195 2716 246 2749 23.
266 2706 361 2740 Oseae
381 2708 411 2739 6.
429 2709 463 2739 δε
481 2706 561 2740 alibi
580 2706 694 2749 paslim
712 2731 720 2739 .
740 2708 978 2748 Nonunquam
995 2707 1095 2741 etiam

64 2747 260 2794 (schaekar)
268 2748 360 2794 quod
369 2747 542 2794 estfalfitas
552 2772 567 2787 ,y
574 2750 776 2786 {mendacium
787 2771 797 2786 ‚
808 2757 844 2781 ut
853 2746 1000 2795 observat
1012 2748 1096 2782 Hie..

43 2816 46 2819 “
61 2788 1094 2883 ᾒιῑῑκιβέῖῑῐῑῬεῖὲὲῗιῑέἒῐὲῖῆεῇᾗ-οὲᾓι,ἱῑῑ,’,ς;;ιῑῖῑ

61 2878 164 2910 <Tim
204 2873 435 2918 inenifalfiim?
458 2872 525 2905 Ubi
537 2875 703 2906 evidenter
712 2873 829 2906 dicitur
846 2873 974 2905 idolum
983 2884 1093 2916 imago

61 2914 146 2950 falsa
154 2939 164 2948 .
241 2913 251 2946 i
261 2913 453 2954 iuffragatur
464 2914 561 2947 Plato
572 2913 606 2961 in
617 2914 781 2969 Thcgteto
792 2937 803 2953 ,
825 2923 901 2948 cum
910 2913 975 2947 ait:
997 2914 1090 2952 ’ψεύδη

0 2955 2 2960 ”
61 2957 116 2987 aar*
136 2955 236 2986 3132),ae
257 2955 318 2991 ‘tupi‘
338 2955 463 2983 nizam
484 2967 654 2991 τίησ-κμιενσι
674 2966 706 2983 τε
731 2953 844 2990 εἰλεοῖς,
866 2957 1024 2987 mendacia
1044 2961 1091 2990 (γ’

55 2998 145 3029 idola
158 2998 254 3037 pluris
262 2996 415 3035 facientes
431 3003 526 3034 quam
553 2998 721 3028 veritatem
739 3007 749 3027 t
778 3007 848 3037 quo
866 2997 943 3029 loco
960 2996 1090 3031 idolum
1102 2997 1111 3012 ¹

58 3049 143 3071 cum
161 3035 332 3073 mendacio
350 3036 499 3075 adiunxit
510 3059 519 3075 ,
542 3036 760 3078 opposuitque
776 3037 905 3071 veritati
923 3061 932 3069 .
953 3037 1090 3071 Tertul-

62 3078 316 3119 lianusqiibqiie
326 3076 382 3110 lib.
393 3077 434 3110 de
442 3077 635 3122 idololatria
645 3079 757 3117 docet,
782 3078 912 3112 idolum
921 3078 982 3112 esse
991 3078 1091 3112 dimi-

58 3118 417 3155 nutivumavocabulo
439 3120 513 3149 εἰδος
534 3122 626 3161 quod
636 3120 774 3160 sormam
783 3131 821 3153 ac
829 3121 959 3162 speciem
970 3119 1090 3163 signifi-

57 3170 138 3200 cat,
159 3160 284 3205 esl‘eque
304 3159 434 3193 idolum
452 3159 574 3194 exilem
591 3161 734 3194 formam
751 3171 788 3194 ac
806 3170 939 3194 tenuem
957 3172 1026 3195 non
1038 3161 1090 3195 so-

56 3202 138 3237 lum
152 3208 338 3247 quantitate
356 3224 368 3240 ‚
389 3201 442 3235 sed
461 3201 563 3248 etiarn
581 3201 796 3248 perfeetione..
818 3203 985 3244 Homerus
1003 3215 1089 3245 quo-

47 3241 634 3287 ⁴qQOdysl‘eaelib-.11.&Lucianus
646 3244 679 3277 in
698 3243 848 3286 Dialogo
861 3244 1005 3282 mortui,
1027 3255 1090 3279 vo-

43 3318 46 3322 ,
64 3293 142 3319 eant
152 3283 243 3317 idola
254 3290 483 3328 mortuorum,
505 3284 626 3326 spectra
637 3308 648 3324 ‚
670 3288 704 3319 δε
723 3285 852 3319 umbras
861 3285 993 3324 inanes,
1013 3298 1087 3331 quae

22 3357 23 3362 ,
59 3331 141 3361 tum
149 3332 555 3370 apparentiamcorporum
571 3326 764 3365 exhibeant,
787 3326 870 3359 nihil
887 3336 997 3360 tamen
1009 3328 1089 3360 soli-

60 3366 247 3404 dihabent‚
271 3362 323 3398 sed
342 3375 451 3398 inanes
468 3370 503 3402 ει
521 3379 630 3402 vacuae
649 3367 740 3402 i'unt.
761 3367 876 3401 Simile
893 3367 972 3409 quid
983 3368 1085 3404 etiam

43 3402 160 3449 ‚Jubet
179 3419 244 3441 vox
257 3406 435 3447 simulacri.
453 3409 584 3450 Semper
600 3409 691 3443 enim
710 3409 764 3442 ubi
782 3409 862 3442 novi
878 3410 1083 3444 Testamenti

60 3457 167 3484 textus
186 3449 322 3482 Graecus
340 3446 434 3481 habet
456 3447 573 3483 ἐίδυλκ,
595 3450 733 3484 Latinus
750 3452 908 3491 interpres
925 3450 1031 3485 reddit
1039 3453 1085 3494 su-

62 3493 204 3526 mulacra
215 3513 225 3528 ,
248 3498 284 3536 iit
295 3487 409 3521 Actor.
418 3499 449 3535 ἶ.
460 3493 497 3522 r.
507 3500 556 3529 41.
567 3494 601 3525 δε
613 3500 661 3532 15.
672 3494 709 3524 τ’.
721 3502 771 3525 20.
782 3497 814 3525 ἃ·
827 3503 875 3531 29·
893 3492 976 3526 Item
988 3503 1038 3531 17.
1048 3495 1085 3527 v.

4 3543 14 3576 '²
64 3530 695 3617 i>³23523¹¹5³30¹1¹22122¹f&aava
706 3532 1085 3618 ξξὲὶοέεὸὲεὲῑῐε·

1147 308 1349 354 Quinetiam
1359 314 1473 351 diserte
1490 315 1535 348 ait
1554 314 1675 350 Paulus
1685 327 1711 350 1.
1727 315 1847 350 Coi-28.
1864 320 1980 350 Scimus
1996 319 2069 358 quia
2085 317 2161 350 nibil

1144 355 1315 401 esi-idolum
1332 360 1365 389 in
1382 359 1512 390 mando.
1534 356 1626 390 Nam
1644 358 1698 391 etsi
1716 358 1752 392 fit
1768 353 1875 400 aliqui
1908 359 2085 391 secundum
2096 369 2167 391 rna-

1142 398 1279 443 teriar'n,
1300 397 1383 431 nihil
1400 408 1510 431 tarncn
1527 397 1573 430 cst
1588 397 1773 434 formaliter
1787 421 1800 439 ,
1821 411 1860 432 cu
1907 399 1939 432 id
1960 399 2162 440 repraesentet
2202 432 2204 434 .

1142 438 1233 510 ἓᾳοά
1244 438 1325 471 nihil
1335 440 1398 472 est.
1419 441 1434 485 l
1452 438 1489 485 'la
1498 439 1576 486 vero
1586 439 1755 474 simulacra
1771 440 1908 483 potiusa
1918 438 1998 474 vo'ce
2008 440 2166 474 simulan-

1168 489 1200 518 ι,
1223 489 1324 519 quam
1334 492 1353 513 a
1362 480 1433 514 simi
1450 481 1578 513 itudine
1588 482 1807 515 deducuntur.
2096 518 2100 522 ,

1188 528 1215 566 3..
1239 520 1450 569 Vocabulum
1466 520 1545 555 vero
1554 521 1754 557 Hebraicum
1763 526 1778 565 (
1788 523 1891 565 paesael
1901 522 1915 562 )
1927 526 1961 557 8e
1969 524 2060 565 quod
2071 523 2164 557 Lati-

1142 570 1185 593 ne
1197 561 1284 607 idem
1294 572 1443 604 exprimit
1443 564 1591 604 siulptile
1599 586 1611 602 ,
1634 564 1873 598 indifferentem
1883 565 1977 599 habet
1986 564 2048 598 sive
2059 564 2093 598 in
2103 564 2166 598 bo-

1141 610 1226 635 num
1246 602 1307 635 sive
1327 604 1362 636 in
1384 604 1819 646 malum-significationem,-
1839 617 1944 647 neque
1961 604 2109 639 absolute
2127 605 2163 639 in

1142 641 1318 685 Decalogo
1329 645 1519 691 prohibetur
1527 668 1538 684 ,
1560 646 1612 678 sed
1621 655 1752 680 tantum
1761 645 1935 689 respective
1944 650 1977 680 8c
1987 647 2163 680 secundum

1143 685 1253 731 quod:
1300 686 1385 726 pasal
1401 686 1416 724 )
1433 696 1524 720 enim
1541 689 1631 728 quod
1649 689 1692 720 est
1701 689 1858 730 sculpere,
1881 691 1915 721 &
1934 687 2008 720 inde
2027 688 2163 721 ductum

1144 728 1158 765 (
1169 727 1271 766 paeiael
1298 728 1439 777 fiulptile
1448 750 1460 767 ‚
1470 738 1539 760 non
1550 737 1698 761 vetantur
1707 741 1726 762 a
1735 729 1814 763 Deo
1824 729 1881 763 nisi
1892 727 2064 770 rcspestive
2073 731 2114 761 ad
2125 740 2162 761 ea

1141 776 1215 808 quae
1227 778 1370 813 proxime
1380 770 1581 811 praecedunt.
1603 772 1681 811 Non
1697 780 1787 804 erunt
1804 772 1858 804 ribi
1867 774 1925 804 Dei
1942 773 2021 809 alii,
2043 773 2076 802 δε
2087 781 2163 811 quae

1142 807 1288 854 proicime
1298 809 1532 855 subsequuntur
1542 822 1552 841 :
1573 813 1652 852 ‘Non
1660 812 1793 845 adorabis
1801 824 1837 845 ea
1845 825 1942 853 neque
1950 815 2024 845 coles
2032 834 2040 844 .
2061 811 2163 844 Alio-

1167 851 1301 883 uienim
1312 850 1467 884 illicitum
1478 851 1553 884 esset
1564 850 1705 893 sculpere
1723 853 1846 892 trabes,
1868 853 1972 892 ostia,
1994 852 2162 886 fenestras:

1173 899 1186 924 t
1197 891 1453 938 prohibitionem
1461 891 1626 934 Decalogi
1644 894 1784 927 elevaret
1801 905 1837 927 ac
1855 895 2055 928 convelleret
2065 892 2164 929 sabri-

1142 939 1228 966 catio
1238 932 1522 972 cherubinorum,
1545 934 1666 973 boum,
1687 935 2037 976 leonum,palmarum
2047 933 2160 975 inipso

1142 974 1375 1008 'sabernaculo
1397 978 1430 1008 &
1451 975 1622 1016 Templo;
1642 986 1702 1008 nec
1719 987 1788 1009 non
1810 975 1961 1017 serpentis
1980 975 2062 1009 aenei
2082 976 2160 1015 jussu

1142 1014 1215 1061 Deir
1229 1027 1248 1048 a
1265 1014 1385 1061 Moyse
1401 1015 1547 1049 fabricati
1566 1040 1576 1055 ‚
1598 1016 1656 1050 nisi
1675 1017 1854 1058 prohibitio
1869 1017 2009 1050 faciendi
2026 1028 2164 1050 omnem

1142 1056 1394 1090 similitudinem
1410 1068 1528 1090 eorum
1546 1069 1618 1098 quae
1636 1058 1671 1091 in
1688 1060 1772 1092 caelo
1790 1082 1801 1097 ‚
1822 1062 1856 1092 δε
1877 1059 1910 1092 in
1926 1068 2031 1098 terra,
2053 1063 2086 1092 &
2107 1058 2164 1091 sub

1145 1097 1239 1139 aquis
1259 1097 1353 1138 sunt,
1376 1099 1412 1132 in
1431 1098 1603 1140 Decalogo
1619 1100 1755 1140 expressa
1766 1123 1777 1139 ,
1799 1099 2013 1147 intelligenda
2033 1100 2108 1133 esset
2120 1099 2167 1133 se-

1143 1141 1286 1173 cundum
1295 1150 1332 1185 ea
1340 1151 1413 1185 quae
1446 1142 1607 1186 raecedunt
1623 1142 1655 1174 &
1667 1141 1901 1182 subsequuntur
1918 1141 2037 1176 ibidem
2046 1140 2140 1174 verba
2151 1164 2163 1179 ‚

1142 1181 1343 1214 idololatriae
1354 1184 1403 1215 seu
1426 1181 1571 1214 allorum
1583 1181 1735 1216 Deorum
1754 1181 1970 1224 prohibitiva,
1991 1180 2166 1216 tumExo-

1143 1221 1176 1254 di
1186 1233 1235 1254 20.
1246 1232 1315 1268 tum
1325 1221 1568 1261 Deuteronom.
1578 1232 1606 1265 5.
2113 1222 2117 1227 ’

1183 1275 1215 1304 4.
1236 1262 1377 1301 Hiciam
1387 1263 1563 1304 quaeritur,
1584 1263 1724 1298 liceatne
1733 1265 1900 1298 coloribus
1908 1274 1999 1305 ,.aut
2010 1263 2163 1306 sculptili,

1141 1303 1268 1338 fusilive
1276 1315 1374 1346 opere
1384 1305 1496 1351 Deum
1506 1304 1562 1338 siib
1571 1305 1716 1338 humana
1725 1306 1826 1347 figura
1837 1305 2059 1347 repraesentare
2069 1329 2080 1344 ‚
2089 1317 2166 1346 curn

1142 1345 1177 1379 id
1196 1346 1344 1380 videatur
1361 1346 1541 1379 Divinitati
1559 1370 1571 1386 ,
1617 1357 1665 1380 uae
1682 1348 1872 1380 nullatenus
1890 1347 2087 1388 corporalis,
2108 1356 2166 1379 aut

1143 1386 1233 1434 lensii
1244 1398 1402 1429 corporeo
1411 1387 1456 1421 est
1466 1357 1682 1435 perspicibilis
1691 1410 1703 1427 ,
1723 1387 2007 1429 esseinju'riosum?
2029 1389 2166 1429 Ipsaque

1144 1431 1254 1462 divina
1263 1430 1398 1462 oracula
1407 1432 1520 1462 multis
1529 1430 1611 1462 locis
1619 1430 1793 1463 videantur
1801 1430 1979 1463 reclamare
1990 1452 2000 1468 ,
2022 1439 2057 1462 ut
2068 1427 2173 1462 Deuae

1142 1479 1175 1502 te
1181 1481 1252 1503 ron.
1261 1481 1291 1509 4.
1300 1473 1456 1504 Memento
1465 1472 1543 1511 quod
1552 1474 1700 1503 Dominus
1708 1473 1852 1512 loquutus
1854 1470 1898 1513 fit
1905 1474 1937 1503 in
1946 1480 2048 1503 monte
2059 1470 2167 1502 Horeb.

1144 1514 1250 1545 Vocem
1260 1512 1422 1544 verborum
1430 1511 1558 1550 audisti,
1579 1515 1744 1553 imaginem
1762 1514 1886 1545 millam
1896 1511 1999 1553 vidisti
2009 1525 2020 1544 :
2041 1512 2167 1552 observa

1143 1565 1209 1594 ergo
1219 1554 1345 1599 telpfiim
1355 1552 1480 1592 nefort&
1488 1550 1624 1594 derebus
1631 1555 1733 1592 facIas
1742 1553 1796 1586 tibi
1807 1554 2040 1595 similitudinem
2049 1555 2148 1586 ullam
2159 1576 2168 1584 .

1144 1593 1188 1627 Et
1207 1595 1298 1627 Isaiae
1307 1604 1358 1634 40.
1383 1596 1439 1627 Cui
1453 1594 1583 1639 similem
1597 1594 1848 1635 fecistileeum?
1869 1599 1945 1628 Aut
1973 1606 2068 1634 quam
2089 1597 2171 1627 ima-

1137 1637 1242 1677 ginem
1255 1638 1373 1676 ponetis
1388 1636 1439 1667 ei?
1461 1634 1505 1667 Et
1523 1636 1584 1668 112.
1602 1638 1652 1674 46.
1678 1638 1733 1668 Cui
1744 1635 1879 1677 similem
1897 1636 2092 1675 fecistisme,
2115 1640 2162 1670 θ’

1142 1675 1314 1718 adaequaflis
1323 1682 1370 1710 (7⁹
1378 1675 1568 1717 comparastis
1576 1678 1646 1708 me?
1667 1679 1732 1725 Qui
1739 1678 1881 1717 confertis
1896 1688 2007 1710 aarum
2017 1678 2164 1718 deſsicca-

1142 1720 1170 1750 lo
1179 1741 1191 1757 ,
1213 1723 1260 1752 (7⁹
1267 1723 1431 1758 argentum
1439 1719 1475 1750 de
1476 1716 1594 1759 statera
1600 1720 1772 1758 ponderatis
1782 1741 1791 1755 ,
1808 1719 1999 1752 conducentes
2008 1718 2166 1759 aurificem

1141 1768 1178 1792 ut
1187 1760 1290 1799 faciat
1298 1761 1400 1791 Deum
1411 1771 1422 1791 .-
1444 1764 1498 1793 U*-
1505 1762 1665 1800 procidunt
1682 1765 1728 1793 U*
1744 1760 1890 1801 adorant.
1912 1759 2068 1800 Denique
2086 1759 2164 1792 Αᾶ.

1144 1806 1192 1839 17.
1204 1801 1240 1832 V.
1250 1810 1303 1841 29.
1320 1799 1440 1833 Paulus
1448 1799 1489 1833 fic
1506 1801 1680 1834 admonet:
1703 1803 1803 1834 Genus
1820 1813 1885 1842 ergo
1903 1812 1972 1833 cum
1984 1801 2078 1841 fimus
2088 1804 2168 1839 Dei,

1142 1853 1201 1874 non
1209 1841 1251 1881 est
1258 1841 1490 1882 existimandum
1499 1852 1573 1874 auro
1584 1862 1591 1875 ‚
1613 1843 1668 1873 ‘vel
1676 1849 1800 1882 argento
1810 1865 1821 1880 ,
1842 1843 1897 1873 vel
1905 1841 1998 1883 lapi'di
2006 1845 2080 1874 artis
2081 1843 2168 1882 stul-

1138 1879 1235 1924 p‘turae
1244 1906 1255 1922 ,
1276 1885 1501 1924 &cogitatioin'
1508 1885 1663 1915 bominum
1672 1884 1817 1915 divinum
1828 1882 1880 1924 effe
1892 1883 1992 1925 simile
2005 1907 2012 1915 .
2032 1884 2088 1916 Aa
2096 1894 2167 1925 ger-

1142 1933 1278 1957 manam
1297 1922 1414 1957 horum
1434 1923 1589 1957 locorum·
1606 1923 1859 1966 intelligentiam
1876 1946 1887 1962 ,
1918 1922 2084 1957 sciendum
2097 1925 2168 1965 est,

1136 1964 1263 2008 Judaeis
1271 1963 1362 1998 fuiffe
1371 1977 1389 1998 a
1401 1964 1478 1998 Deo
1489 1964 1691 2006 prohibitum
1702 1988 1712 2003 ‚
1722 1976 1763 1997 ne
1772 1976 1851 2006 quas
1861 1964 1922 1997 five
1932 1965 2058 2006 publice
2069 1989 2080 2004 ‚
2101 1966 2165 2000 sive

1141 2005 1293 2049 privatim
1309 2005 1501 2039 fabricarent
1513 2005 1693 2039 divinitatis
1710 2007 1873 2048 Imagines
1885 2029 1894 2044 ‚
1916 2007 2004 2040 certo
2022 2007 2163 2048 sciente,

1141 2057 1242 2089 quam
1252 2047 1406 2089 proclivis
1415 2048 1488 2080 essct
1497 2058 1574 2094 gens
1585 2047 1643 2080 illa
1660 2049 1702 2080 ad
1720 2047 1950 2081 idololatriam
1967 2049 2166 2090 gentilium,

1141 2089 1226 2125 inter
1234 2100 1318 2130 quos
1328 2089 1481 2132 degebat,
1504 2089 1718 2128 imitandam3
1741 2091 1781 2123 ad
1799 2100 1900 2131 quam
1917 2089 2165 2133 etiamillorum

1134 2132 1293 2171 exemplo
1310 2142 1412 2172 quam
1429 2131 1684 2172 trequentiffime
1703 2130 1926 2171 dilabebatur,
1947 2131 2085 2169 iit-sacrae
2096 2132 2163 2167 Hi.
2200 2153 2204 2157 -

1141 2172 1247 2205 storiae
1257 2182 1460 2214 compertum
1470 2171 1598 2205 faciunt
1611 2185 1622 2205 .·
1633 2172 1696 2206 'cui
1706 2182 1741 2207 ut
1750 2172 1896 2207 obviaret
1905 2174 2051 2215 periculo
2059 2197 2072 2214 ,
2092 2186 2165 2209 non

1140 2212 1249 2249 solum
1265 2214 1374 2260 voluit
1385 2213 1510 2257 Judaeis
1528 2214 1642 2248 omnia
1659 2215 1719 2247 effe
1741 2214 1914 2248 interdieta
1932 2238 1943 2253 ,
1964 2227 2037 2257 qua:
2057 2226 2113 2257 per
2133 2216 2167 2250 se
2192 2237 2197 2243 ·

1141 2259 1178 2290 asc
1198 2266 1236 2288 ac
1259 2251 1379 2288 aneu&
1401 2255 1603 2289 id0101atriae
1623 2256 1746 2289 crimen
1778 2255 1990 2290 involvebant
2007 2279 2019 2295 ,
2048 2268 2166 2291 verum.

1139 2297 1241 2334 etiam
1261 2297 1444 2329 occasiones
1464 2297 1518 2329 etsi
1541 2298 1580 2329 dc
1601 2296 1633 2339 se
1650 2309 1721 2330 non
1743 2296 1874 2330 illicitas
1898 2320 1909 2336 ,
1931 2309 2004 2338 quae
2028 2298 2102 2332 rudi
2122 2302 2159 2333 &¹

1138 2336 1336 2371 inconstanti
1354 2339 1484 2379 -populo
1515 2337 1600 2371 viam
1629 2340 1670 2371 ad
1693 2338 1922 2371 idololatriam
1941 2338 2133 2380 aperuissent
2153 2352 2165 2374 t

1139 2389 1207 2420 quo
1230 2378 1264 2411 in
1286 2389 1404 2420 genere
1424 2378 1486 2412 suit
1507 2378 1566 2411 illa
1589 2390 1644 2420 per
1673 2379 1854 2412 humanam
1883 2389 1986 2412 artem
2008 2380 2164 2415 humanae

1138 2422 1247 2463 figurae
1278 2419 1433 2460 expreffio
1454 2421 1496 2452 ad
1526 2418 1819 2466 repraesentandum
1849 2420 2000 2454 divinum
2020 2433 2166 2457 numen.

1132 2465 1191 2500 At,
1213 2461 1291 2496 vero
1321 2460 1375 2493 ubi
1396 2461 1530 2494 nullum
1560 2461 1751 2494 imminebat
1773 2460 1933 2502 ejusmodi
1956 2463 2157 2503 periculum,

1136 2502 1265 2537 Sanffis
1279 2499 1455 2541 Patribus,
1477 2505 1510 2535 δε
1533 2502 1703 2543 Prophetis
1714 2526 1726 2541 ,
1747 2502 1803 2536 sub
1821 2503 1966 2537 humana
1978 2504 2085 2547 effigie
2093 2516 2165 2539 non

1137 2543 1306 2588 dubitavit·
1320 2542 1413 2577 Deus
1433 2543 1543 2576 crebro
1574 2543 1605 2577 se
1634 2542 1837 2577 manifestare
1857 2557 1868 2578 .·
1900 2544 1955 2578 sub
1976 2545 2165 2586 hujusmodi

1137 2585 1226 2619 enim
1248 2583 1375 2626 aspectu
1388 2584 1500 2626 primis
1510 2585 1694 2628 parentibus
1710 2587 1852 2619 necdum
1861 2598 1880 2619 a
1892 2586 2045 2620 Paradisb
2055 2589 2163 2622 exuli-

1137 2626 1237 2660 busse
1245 2626 1499 2668 conspicabilem
1518 2625 1665 2672 exhibuit
1683 2627 1899 2660 deambulans
1916 2630 1955 2661 ad
1966 2640 2080 2663 auram
2091 2631 2164 2672 post

1138 2667 1309 2702 meridiem
1325 2691 1334 2700 .
1355 2667 1414 2714 ‘Sic
1443 2667 1544 2701 etiam
1575 2667 1736 2714 scribitur:
1751 2667 1871 2702 Genesi
1906 2680 1952 2702 12.
1984 2671 2161 2712 apparuisse

1135 2709 1326 2744 Abrahamo
1354 2719 1387 2741 in
1417 2710 1570 2743 convalle
1599 2709 1714 2743 illustri
1745 2710 1832 2750 juxta
1852 2710 1979 2757 Sichcm
1997 2736 2004 2743 .
2040 2711 2160 2746 Rursus

1119 2751 1243 2791 'eidem
1264 2750 1413 2791 apparuit
1435 2750 1556 2785 Genesi
1581 2760 1635 2797 17.·
1650 2749 1782 2792 eiusque
1802 2762 1897 2792 proni
1920 2752 1953 2785 in
1974 2761 2094 2786 terram
2104 2764 2160 2788 ca-

1136 2791 1241 2826 dentis
1262 2790 1495 2826 adorationem
1517 2791 1652 2833 suscepit
1672 2816 1679 2824 .
1701 2793 1890 2833 Iterumque
1905 2792 2024 2826 Genes-
2048 2798 2094 2835 18.
2114 2796 2163 2828 ei-

1134 2835 1208 2868 dem
1226 2831 1257 2866 ie
1290 2832 1449 2879 exihibuit
1480 2832 1536 2866 sub
1565 2832 1675 2879 figuris
1702 2833 1867 2879 humanis·
1883 2834 1984 2868 trium
2005 2838 2160 2877 Angelo—

1133 2885 1227 2914 rum,
1273 2884 1335 2908 uos
1353 2874 1482 2908 sanetus
1504 2874 1688 2907 Patriarcha
1699 2874 1848 2908 adoravit
1860 2886 1893 2907 in
1903 2885 2041 2910 terram·
2064 2878 2155 2911 Exo-

1132 2915 1170 2991 gi
1195 2925 1246 2990 339.
1308 2915 1376 2956 oyfi
1398 2915 1492 2962 Deus
1515 2914 1778 2956 posteriorasua,
1797 2916 2031 2959 idesttergum
2053 2920 2162 2953 osten-

1156 2966 1198 2991 it.
1247 2967 1284 2991 ro

1309 2957 1383 2990 heta
1404 2967 1522 2997 pariter
1543 2955 1641 2993 Isaias
1663 2967 1731 2998 cap.
1752 2960 1783 2990 6.
1803 2956 1886 2990 vidit
1909 2957 2156 2993 Dominumse-

1131 3000 1265 3032 dentem
1301 2997 1380 3044 'uper
1398 2997 1523 3032 solium
1544 2996 1724 3037 excelsum,
1747 3002 1781 3032 8<
1801 3000 1968 3033 elevatum
1987 3000 2070 3034 inter
2088 3004 2162 3036 ala-

1123 3049 1185 3074 tos
1205 3038 1373 3080 Seraphim
1391 3062 1402 3078 ,
1433 3039 1581 3081 dixitque
1600 3052 1627 3086 :¹
1642 3043 1753 3081 Regem
1782 3043 1948 3073 Dominum
1968 3046 2158 3078 exercituum

1131 3083 1297 3114 vidioculis
1305 3084 1398 3114 meis.
1417 3080 1574 3117 Michaeas
1584 3089 1683 3114 etiam
1696 3090 1722 3122 3.
1744 3081 1825 3122 ch.
1835 3092 1904 3123 cap.
1923 3094 1973 3115 22.
1992 3083 2163 3126 sicloqui-

1129 3133 1204 3157 tur:
1228 3123 1296 3156 Vidi
1313 3125 1483 3156 Dominum
1493 3124 1652 3163 fidentem
1671 3124 1764 3164 fiaper
1777 3123 1876 3163 solum
1888 3125 1982 3164 suum
1995 3148 2004 3163 ,
2025 3131 2074 3160 (γ’
2092 3139 2158 3160 om-

1129 3175 1200 3198 nem
1209 3166 1377 3208 exercitum
1386 3166 1448 3196 cali
1456 3163 1637 3206 affifientem
1647 3166 1700 3195 eia
1709 3165 1824 3196 dextris
1834 3170 1880 3200 (θ’
1887 3177 1906 3197 a
1909 3166 2050 3205 fintstris·
2060 3168 2159 3202 Alias

1127 3203 1309 3240 conticelco
1319 3204 1457 3238 visiones
1466 3228 1477 3244 ,
1499 3204 1606 3246 qualis
1615 3204 1782 3248 estJacobi
1793 3204 1907 3239 Deum
1917 3206 2057 3242 videntis
2067 3208 2155 3246 inni-

1124 3257 1207 3280 -xum
1216 3244 1396 3290 summitati
1406 3245 1497 3279 scalae
1509 3270 1517 3278 .
1541 3245 1720 3282 Ezechielis
1729 3257 1830 3288 cap-1.
1841 3250 1875 3281 δε
1885 3258 1914 3280 2.
1925 3250 2076 3284 &Amos
2085 3262 2152 3293 cap.

1127 3299 1158 3329 9.
1168 3283 1326 3320 dicentis:
1347 3287 1418 3320 Vidi
1432 3290 1600 3321 Dominum
1613 3286 1749 3328 stantem
1761 3289 1855 3335 staper
1863 3292 1981 3323 altare.
2003 3291 2063 3325 Sed
2075 3303 2156 3334 prae-

1128 3329 1223 3371 cipua
1237 3327 1333 3371 digna
1343 3328 1390 3362 est
1399 3328 1630 3362 observatione
1648 3328 1726 3362 visio
1735 3328 1803 3362 Dei
1814 3329 1917 3363 Patris
1926 3331 2063 3366 Danieli
2083 3345 2156 3368 ma-

1128 3370 1276 3419 nifestata
1297 3379 1363 3415 οἵ.
1384 3381 1484 3411 quem
1505 3379 1763 3417 commemorat,
1783 3370 1974 3421 Antiquum
1994 3372 2122 3410 dierum
2140 3399 2152 3414 ‚

1129 3423 1164 3445 in
1186 3412 1308 3444 throno
1329 3412 1514 3450 sedentem,
1536 3422 1623 3449 cuius
1645 3413 1758 3452 capilli
1779 3412 1852 3446 cani
1872 3422 1984 3454 erm,
2006 3418 2041 3449 &
2058 3416 2154 3449 vesti-

1129 3462 1278 3487 mentum
1299 3453 1366 3491 cjus
1387 3453 1474 3495 quasi
1506 3453 1560 3485 nix
1590 3452 1703 3485 album
1720 3476 1731 3492 ‚
1763 3455 1804 3488 ad
1824 3460 1924 3495 quem
1953 3457 2078 3490 accessit
2101 3457 2155 3490 Fi-

1131 3494 1193 3528 lius
1216 3492 1360 3539 hominis
1371 3516 1381 3532 ,
1405 3494 1454 3536 (is
1466 3493 1529 3535 iple
1538 3494 1583 3527 est
1592 3493 1740 3527 Christus
1750 3494 1764 3533 )
1774 3495 2005 3541 cuiAntiquus
2016 3497 2074 3532 ille
2082 3498 2151 3530 die-

1130 3547 1202 3570 rum
1213 3537 1301 3568 dedit
1311 3536 1528 3577 potestatem,
1551 3535 1734 3574 honorem,
1756 3539 1791 3570 &
1810 3544 1944 3580 regnum
1987 3542 2021 3572 δι
2039 3549 2152 3571 ornnes

1131 3576 1269 3620 populi,
1288 3576 1389 3610 tribus
1409 3581 1442 3610 δε
1461 3576 1579 3619 lingum
1600 3576 1654 3618 ipsi
1672 3576 1810 3654 serviaznt
1829 3603 1837 3610 .
1858 3580 1921 3617 Illo
1942 3562 2151 3652 &liget-Dei

1827 3630 1845 3652 τ.
1936 3640 1949 3652 .
2033 3630 2046 3651 -i
2064 3630 2112 3653 ius
