2430 3958
709 166 1083 259 Historica
1141 162 1470 280 synopsis
1487 233 1504 255 .

89 286 219 336 scribit
248 287 389 337 'Paulus
418 289 621 330 Diaconus
647 286 812 332 historiae
839 283 1022 334 Miscent
1045 282 1114 344 libe

93 353 155 387 ις.
180 341 228 381 ln
256 339 319 380 his
342 352 428 382 erat
455 337 714 400 Hipponensis
742 339 936 387 Numidiae
947 340 1112 383 Provin-

85 394 157 435 ciae
185 389 424 441 Episcopus,
448 404 516 443 qui
541 391 667 438 secum
693 394 735 438 in
763 391 980 438 Sardiniam
1003 401 1114 436 veneo

89 443 254 488 randum
281 457 423 499 corpus
449 443 771 490 attulit‘Ecclefiae
787 442 1113 495 catholicaepraef

88 498 196 549 ciprii
222 494 388 546 magistri
426 495 576 538 Aurelii
619 494 824 546 Augustini
850 489 1111 552 Hipponensis

90 545 298 601 Episcopi,
328 561 409 600 quo
436 562 485 593 ex
512 547 604 594 loco
632 548 763 604 postea
779 545 1123 595 TicinumaLuit·'

118 600 242 647 tando
271 599 620 654 Longobardorum
649 598 752 655 Rege
764 595 982 643 honorifice
992 592 1113 656 trans}

97 664 209 698 atum
244 652 330 694 est.
375 649 525 699 Effulsit
559 666 654 698 tunc
689 664 851 706 paterna
885 647 1109 708 ‚Symmachi

86 702 256 748 Romani
285 702 483 748 Pontificis
512 707 662 754 pietas,
699 705 768 754 qui
793 699 969 760 exulibus
993 699 1110 746 Chri—

84 755 130 796 sti
157 753 452 802 confessoribus
477 760 654 805 extrema
679 751 949 811 laborantibus
969 751 1110 807 egesta·

80 820 160 854 te,
185 820 270 859 quae
296 809 415 853 victui
444 805 650 853 neceffilsia
674 815 786 851 eraut
803 828 819 850 a
846 803 1005 864 largiter
1031 806 1111 851 lup.

87 859 278 908 peditavit
300 884 316 908 o
353 872 396 903 ut
422 858 537 907 fidem
563 857 657 904 facit
684 860 723 898 in
751 859 828 904 ejus
858 868 940 898 vita
967 855 1109 902 Roma-

88 923 230 956 norum
258 910 497 957 Pontificum
524 911 623 955 liber
649 938 659 953 .
695 905 982 955 Trasamundus
1019 920 1108 967 eum

82 960 286 1011 accepisset
331 963 576 1013 Fulgentium
613 964 715 1003 inter
748 958 881 1003 exules
918 972 1107 1016 praecipua

85 1014 276 1058 doetrinae
304 1015 418 1061 laude
444 1014 630 1057 celebrat-i
647 1038 661 1060 9
701 1016 789 1057 eum
818 1011 1105 1062 Carthaginem

81 1066 304 1116 accersivit,
331 1065 485 1118 sperans
509 1064 592 1109 sore
620 1078 661 1107 ut
685 1078 739 1124 eo
762 1061 940 1124 separato
953 1062 1108 1124 Catho-

81 1119 159 1159 lica
185 1117 278 1164 fides
303 1122 346 1165 in
373 1116 569 1164 Africanis
596 1119 809 1161 Provincus
845 1116 1068 1161 concideret
1084 1144 1104 1175 ⁵.

79 1171 156 1214 Sed
183 1183 326 1217 contra
361 1171 506 1215 accidi:
521 1185 539 1216 ς
569 1171 611 1211 in
638 1167 820 1212 omnibus
856 1179 1031 1219 namque
1053 1167 1106 1209 di-

79 1223 379 1271 putationibus,
405 1234 488 1263 tum
515 1218 689 1271 scriPto,
716 1222 925 1279 tumviva
944 1234 1041 1261 voce
1067 1234 1105 1260 a·

76 1276 210 1325 gitatis
226 1285 249 1321 ,·
267 1274 314 1315 de
344 1270 467 1318 bae'refi
494 1273 665 1323 gloriose
691 1271 946 1320 triumphavit
965 1298 980 1319 ,
1008 1270 1105 1315 mul-

79 1340 144 1366 tos
172 1325 403 1372 vacillantes
438 1322 608 1367 firmavit
627 1348 643 1372 ,
682 1325 717 1360 ὃ(
746 1321 950 1377 plerosque
977 1321 1103 1374 lapsos

77 1378 128 1418 ad
156 1376 355 1431 pristinam
380 1375 504 1422 fidem
537 1372 742 1419 feliciffime
777 1376 931 1419 reduxit
949 1405 960 1417 .
996 1377 1104 1429 (ζηα-

72 1442 231 1480 propter
258 1427 543 1475 Trasamundus
568 1425 632 1480 spe
659 1425 726 1473 sua
751 1427 960 1482 deceptus,
988 1429 1102 1469 illum

74 1485 117 1521 in
144 1480 363 1524 Sardiniam
392 1478 534 1525 remisit
551 1508 562 1521 .
598 1481 783 1536 Cumque
810 1481 832 1524 ὲ
859 1493 980 1540 portu·
1004 1483 1104 1522 Car-

73 1536 242 1592 thaginis
269 1532 434 1578 solveret
453 1558 469 1580 ,
498 1534 628 1573 amieo
656 1531 804 1585 lugenti
833 1532 1001 1585 predixit
1022 1557 1038 1579 ,
1067 1530 1102 1574 se

74 1584 288 1642 aliquando
317 1584 470 1628 firmata
491 1582 1025 1629 Africanarum‘Ecclesiarum
1037 1597 1102 1638 pa-

68 1652 114 1679 ce
132 1662 147 1684 ³
174 1652 263 1684 cum
291 1639 448 1689 reliquis
476 1633 676 1686 Episcopis
701 1634 786 1679 sore
812 1637 990 1681 reducem
1013 1665 1022 1679 .
1057 1634 1101 1681 Id

74 1692 166 1729 vero
197 1691 281 1740 post
309 1704 436 1731 annos
465 1690 605 1739 viginti
630 1685 732 1731 felici
759 1700 898 1735 eventu
919 1688 1101 1736 adimple-

74 1755 159 1780 tum
183 1741 400 1788 est,-anno
429 1739 534 1782 Chr·
559 1752 647 1788 522.
676 1750 758 1792 quo
786 1743 854 1796 qui
894 1737 1101 1784 Trasmun-

73 1794 128 1833 do
165 1791 331 1835 succeffit
365 1792 616 1838 Hildericus,
651 1791 783 1833 exules
819 1786 1030 1844 Episcopos
1059 1796 1098 1834 in

68 1845 246 1895 pristinas
273 1847 473 1890 revocavit
501 1842 720 1890 Ecclesias,
740 1866 742 1868 ·
760 1848 800 1887 δέ
825 1846 867 1886 in
896 1843 954 1888 his
981 1845 1099 1889 admi-

69 1897 232 1939 rabilem
270 1898 517 1947 Fulgeutium
542 1921 558 1944 ,
607 1893 864 1947 omnibusque
901 1899 1013 1947 regni¹
1043 1894 1097 1941 sui

65 1948 290 1991 Catholicis
314 1949 471 1998 plenam
497 1948 721 1992 exercendae
748 1945 819 1991 suae
840 1947 1036 2003 religionis
1055 1949 1098 1993 li„

67 1999 263 2046 bertatem
291 1998 473 2043 indulsit.
659 2016 661 2019 v
790 2028 792 2030 .

120 2065 178 2094 ιο.
214 2047 340 2098 Anno
375 2065 400 2093 a
435 2049 610 2094 Clu-istor
631 2062 717 2100 507.
756 2049 997 2094 Clodovaeus
1025 2052 1097 2096 stu·

64 2105 134 2147 dio
161 2102 336 2150 incensus
362 2116 486 2156 propa
513 2102 623 2146 andae
634 2101 860 2146 Catholicae
873 2103 1095 2156 religionis,

17 2170 21 2198 ε
57 2156 254 2208 -fimulque
280 2159 451 2202 Franciae
473 2117 780 2202 ‹sominationiffl
809 2154 1097 2200 bellum-adver-

66 2207 127 2252 sus
157 2207 356 2252 Alaricum
392 2206 685 2260 visigothorum
732 2207 876 2260 Regem
916 2222 1050 2252 movet
1078 2235 1094 2258 9

70 2265 139 2313 qui
167 2274 262 2305 ,tunc
291 2263 474 2310 temporis
502 2259 722 2301 Gallicanis
739 2261 981 2309 Provinciis,
1008 2273 1096 2312 quae

61 2328 87 2354 a
115 2315 238 2355 fluvio
266 2314 392 2364 Ligeri
420 2310 591 2368 adusque
621 2313 990 2358 Pyrenaeosmontes
1006 2326 1096 2364 pro·

62 2366 303 2413 tenduntur,
329 2364 628 2410 dominabatur.
655 2364 700 2403 In
731 2364 1092 2411 Pistonfibusamnis

63 2419 272 2476 Vigenna,
300 2421 368 2472 qui
396 2416 515 2477 vulgo
544 2416 580 2455 la
605 2416 730 2458 Vtenne
757 2415 921 2463 dicitur,
949 2415 998 2458 fic
1028 2422 1096 2458 im.

68 2468 201 2512 bribus
229 2471 429 2511 continuis
464 2477 701 2512 intumuerat
722 2491 738 2514 ,
772 2481 816 2509 ut
844 2470 999 2512 Francis
1026 2470 1092 2512 diu

63 2520 360 2570 praestolandum
384 2516 534 2568 fuisset,
561 2520 688 2561 donec
707 2520 964 2564 defluentibus
981 2525 1093 2573 aquis

64 2576 188 2617 amnis
216 2570 306 2616 esset
335 2571 498 2616 vadosus
525 2587 570 2613 ac
606 2571 874 2620 permeabilis,
910 2571 972 2615 sed
999 2575 1092 2615 divi-

66 2627 125 2669 nis
153 2623 356 2677 faustisque
383 2624 558 2674 auspiciis
584 2638 698 2666 cerva
709 2638 758 2664 ex
784 2627 923 2668 vicinis
951 2627 1089 2678 vii-gul.

61 2679 111 2719 tis
152 2675 386 2730 prosiliens,
424 2690 578 2721 amnem
597 2701 614 2724 ,
642 2678 798 2719 Francis
826 2677 1046 2721 videntibus
1072 2704 1088 2728 9

65 2728 242 2774 transivit
269 2743 314 2770 ea
342 2743 475 2780 parte,
503 2741 582 2780 qua
608 2727 692 2770 sola
719 2727 881 2771 vadosus
894 2744 1004 2778 erat,
1030 2745 1091 2773 ea-

62 2780 228 2836 demque
256 2779 458 2836 sequentes
494 2781 599 2824 illius
635 2780 795 2841 eludium
830 2783 967 2824 Franci
988 2808 1003 2831 9
1038 2784 1089 2825 ad

63 2832 284 2884 oppositam
315 2837 435 2882 ripam
464 2833 680 2887 incolumes
715 2845 950 2880 traiecerunt
970 2864 980 2876 .
1021 2835 1092 2875 Ul.

62 2890 179 2930 terius
214 2899 419 2938 promotus
468 2885 706 2928 Clodovaeus
750 2885 998 2929 Pnstavorum
1034 2902 1089 2927 ur.

61 2937 148 2980 bem
168 2951 337 2987 occupat
351 2967 360 2977 .
389 2939 546 2982 Deinde
557 2936 974 2982 Alariciexercitumin
986 2954 1087 2983 cain-

61 2991 120 3039 pis
143 2991 178 3027 ‘V
188 2988 455 3034 olcadenfibus
472 3015 488 3037 9
514 2990 646 3035 νονὶίίὲ
672 2990 791 3045 vulgo
819 2990 930 3033 dietis
948 3016 961 3040 ,
988 2991 1088 3035 deci·

63 3053 132 3086 mo
151 3043 389 3086 ΔιιινΡὴςῖὶανίο
416 3043 572 3087 milliari
599 3039 809 3095 assequitur
830 3070 842 3083 .
879 3046 1007 3084 Atrox
1033 3044 1085 3087 ibi

31 3109 32 3112 ¹
63 3093 241 3140 praelim
261 3092 509 3145 conseritur,
535 3095 781 3144 Clodovaeus÷
801 3099 990 3146 perruptis
1016 3096 1086 3138 ho·

62 3144 329 3190 stium-‘cuneis
358 3146 478 3199 ipsum
506 3147 649 3199 Regem
677 3147 878 3191 Alaricum
903 3152 1085 3193 cominus

62 3197 266 3247 adoritur,
293 3197 435 3254 suaque
463 3214 582 3244 manu
611 3203 824 3244 interimit·
850 3198 1001 3244 Amisso
1014 3200 1087 3243 Re-

25 3276 30 3285 .
84 3263 106 3289 e
133 3252 174 3289 in
202 3247 330 3302 fugam
356 3250 609 3297 effunduntur
637 3251 828 3304 Vifigothi
860 3277 876 3300 ,
916 3265 1085 3306 quorum

16 3284 38 3356 ἱξ
55 3262 285 3345 {orribilem
313 3302 471 3355 stragem
498 3303 749 3358 insequentes
777 3319 801 3349 a
829 3318 939 3358 tergo
966 3305 1083 3348 Fran.

18 3355 91 3406 ›;ci
115 3353 322 3396 ediderunt
350 3383 356 3390 .
395 3358 526 3400 Tanta
561 3356 716 3411 insignis
743 3357 909 3400 vicstoria
937 3362 976 3401 ὃ(
1003 3361 1086 3410 opi.

35 3407 126 3468 [mis
156 3408 364 3454 reportatis
392 3405 519 3459 spoliis
548 3410 784 3454 Clodovaeus
800 3413 1016 3453 exercitum
1028 3411 1083 3453 di-

45 3457 184 3505 vidit,
224 3462 328 3503 cuius
362 3470 510 3508 partem
544 3460 628 3505 filio
666 3462 800 3505 notho
828 3462 1082 3506 Theodorico

38 3510 208 3556 sstradit,
249 3512 318 3564 qui
356 3510 576 3556 Provincias
619 3512 827 3565 superiores
856 3513 1085 3569 Aquitaniae·

37 3559 255 3616 vqRutenos,
285 3561 488 3608 Cadurcos
505 3589 521 3613 ,
551 3565 726 3620 aliosque
754 3569 924 3620 regionis
952 3580 1080 3621 popu-

1970 206 2114 272 199

1158 281 1221 329 los
1246 287 1285 325 in
1313 286 1549 334 deditionem
1576 288 1734 337 recepit.
1762 288 1847 329 Rex
1871 284 1949 338 ipse
1973 299 2062 330 cum
2090 289 2170 330 alia

1158 339 1359 384 copiarum
1387 351 1494 387 parte
1502 341 1694 386 permulta
1704 339 1852 390 oppida
1865 334 2062 392 ipsamque
2074 343 2167 384 Bur-

1157 386 1335 438 degalam
1362 403 1554 442 occupat.
1592 391 1764 433 Redaeca
1798 388 1972 437 universa
2006 394 2171 444 Aequita-

1159 441 1226 485 nia
1253 437 1444 492 supererat
1477 441 1708 490 Inculisma,
1744 456 1862 495 quam
1888 441 2022 489 sedulo
2047 448 2171 489 muni·

1156 503 1239 537 ram
1265 492 1400 539 inclusi
1426 492 1553 537 hostes
1579 493 1729 538 strenue
1761 498 2010 547 propugnarev
2028 496 2169 544 statue-

1156 556 1272 592 rant,
1299 542 1361 588 sed
1387 549 1541 600 paranti
1565 544 1811 589 obsidionem
1832 546 1926 598 Regi
1937 546 2169 597 spontecor-

1154 608 1309 644 ruentes
1336 602 1431 640 muri
1459 595 1613 638 facilem
1646 600 1694 640 ad
1728 599 1836 640 illam
1872 600 2021 642 aditum
2054 600 2168 644 dede-1

1150 659 1242 693 runt
1260 677 1271 693 ,
1306 650 1401 690 Inde
1427 650 1630 691 victoriam
1657 651 1909 703 prosequutus
1925 676 1940 698 ,
2005 652 2166 706 uidquid

1151 702 1431 751 propemodum
1467 701 1569 745 illius
1604 703 1726 754 Regni
1760 702 1938 748 amnibus
2008 707 2098 756 igeri
2126 707 2167 748 δι

1150 749 1350 794 Rhodano
1366 751 1695 802 concludebatur,
1721 750 1789 797 suo
1805 755 1944 803 adjecit
1956 767 2167 807 regnouna

1148 815 1238 843 cum
1266 804 1414 846 Tolosa
1439 807 1480 846 δι
1508 804 1778 857 Τεᾶοίειςωιῃ
1806 807 1983 858 oppidis.
2012 807 2170 850 Narbo.

1150 869 1202 897 na
1231 868 1365 899 tamen
1392 871 1479 897 cum
1507 856 1642 899 Volcis
1680 861 1719 899 δε
1745 858 1982 906 Arecomicis
2010 862 2053 907 in
2087 858 2163 902 fide

1150 905 1254 946 stetit
1281 906 1518 954 Amalarici,
1547 911 1613 964 qui
1642 909 1804 953 Alarico
1832 915 1930 959 patri
1957 909 2125 956 succeffit
2152 941 2163 953 .

1148 960 1185 1000 T
1187 958 1417 1001 heodoricus
1445 960 1704 1012 Ostrogothus
1740 964 1860 1007 Italiae
1888 963 1971 1005 Rex
1983 962 2090 1019 quasi
2101 978 2165 1013 pa·

1150 1015 1362 1054 trocinium
1390 1011 1575 1056 assumens
1602 1011 1814 1059 Amalarici
1848 1029 1896 1055 ex
1932 1013 2011 1059 filia
2049 1029 2167 1066 nepo·

1147 1066 1196 1102 tis
1216 1087 1232 1109 ,
1262 1078 1310 1109 ne
1341 1066 1582 1108 Provinciam
1599 1091 1613 1112 ,
1649 1079 1734 1117 quae
1764 1067 1960 1108 Rhodano
1988 1070 2029 1109 &
2055 1071 2167 1110 Varo

1146 1116 1365 1163 fluminibus
1388 1116 1621 1164 includitur,
1651 1118 1888 1161 Clodovaeus
1915 1133 2126 1169 occuparet
2151 1148 2164 1162 .

1146 1163 1346 1211 Arelatem
1375 1169 1505 1213 valido
1543 1168 1768 1215 Gothorum
1797 1170 1968 1220 praesidio
1996 1175 2035 1214 ὅ(
2057 1186 2164 1214 com-

1144 1232 1276 1261 meatu
1303 1223 1492 1268 munivit,
1523 1222 1620 1262 adeo
1651 1236 1692 1262 ut
1721 1225 1857 1266 Franci
1882 1224 1933 1270 ab
1961 1224 2064 1265 urbis
2095 1224 2164 1265 ob·

1144 1269 1290 1313 fidione
1327 1271 1460 1321 repulsi
1487 1273 1629 1315 suerint
1650 1279 1805 1322 ,cujus
1841 1288 1937 1319 tunc
1973 1275 2163 1321 Caesarius

1143 1337 1227 1364 erat
1255 1321 1464 1376 Episcopus
1491 1323 1705 1369 sanctitate
1722 1326 2020 1375 celeberrimus,
2048 1341 2092 1369 ut
2119 1330 2160 1369 in

1142 1374 1253 1422 hujus
1265 1379 1346 1417 vita
1357 1376 1531 1429 perhibet
1543 1379 1762 1428 Cyprianus
1779 1408 1788 1417 .
1815 1378 2087 1422 Theodericus
2100 1395 2163 1420 ve·

1144 1426 1189 1468 ro
1217 1428 1338 1471 Italiae
1367 1429 1448 1473 Rex
1478 1433 1626 1470 tutorio
1656 1433 1813 1473 nomine
1847 1429 2053 1480 Hispanias
2071 1455 2087 1478 9
2121 1433 2162 1473 &

1144 1479 1420 1523 Narbonenses
1460 1482 1686 1524 Provincias
1721 1496 1830 1525 trans
1858 1485 1899 1526 &
1925 1486 1981 1524 cis
2007 1482 2167 1527 Rhoda.

1143 1546 1238 1574 num
1265 1532 1424 1583 depulso
1456 1533 1628 1576 Giselico
1667 1532 1817 1578 Alarici
1849 1549 1898 1577 ex
1932 1534 2160 1579 concubina·

1142 1581 1226 1627 filio
1235 1609 1250 1631 ,
1260 1597 1330 1632 per
1359 1583 1445 1627 suos
1457 1585 1660 1630 Praeferstos
1679 1587 1958 1631 administravit
1970 1588 2020 1629 ab
2032 1590 2159 1629 Ocea-

1142 1649 1196 1680 no
1223 1635 1394 1688 adusque
1405 1642 1614 1681 maritimas
1628 1637 1770 1687 Alpes.
1799 1639 1922 1681 Porro
1936 1638 2156 1682 Anastasius

1141 1691 1357 1735 Imperator
1384 1703 1507 1731 rerum
1535 1706 1558 1733 a
1596 1689 1813 1733 Clodovaeo
1848 1688 2010 1736 feliciter
2045 1690 2163 1740 gesta*

1141 1753 1225 1782 rum
1252 1738 1355 1783 sarna
1382 1755 1602 1785 commotus
1625 1766 1641 1789 9
1676 1745 1754 1790 ejus
1779 1745 1989 1786 amicitiam
2016 1745 2161 1791 expeti-

1141 1793 1221 1839 vit,
1249 1805 1394 1844 perque
1422 1791 1678 1837 honorificam
1705 1795 1960 1845 Legationem
1977 1795 2165 1847 eidemest

1139 1844 1381 1898 gratulatus,
1409 1848 1448 1886 ὃ(
1474 1844 1583 1888 miffo
1611 1847 1660 1887 ad
1675 1860 1763 1888 eum
1776 1846 2081 1894 paludamento„
2111 1862 2166 1889 τε.

1139 1899 1285 1948 gioque
1312 1898 1553 1945 diademate,
1578 1901 1661 1947 jura
1680 1895 1921 1943 Consulatus
1937 1900 2163 1941 patriciam-

1150 1961 1216 1987 ·ue
1243 1950 1474 2000 dignitatem
1500 1952 1624 1995 eidem
1651 1950 1826 1997 contulit
1847 1977 1856 1987 .
1893 1949 1949 1995 At
1984 1951 2057 1997 ille·
2077 1950 2162 1995 inis-

1138 1959 1219 2042 ?um
1247 2003 1297 2043 ad
1324 1999 1360 2042 se
1388 2002 1564 2045 diadema
1598 2006 1722 2054 gratia
1746 2006 1753 2015 '
1777 2004 1868 2048 Deo
1906 2003 2118 2055 rependens
2145 2016 2163 2053 9

1137 2055 1251 2102 eique
1281 2057 1347 2093 uni
1375 2055 1558 2100 victorias
1584 2070 1676 2097 acce
1724 2070 1766 2096 as
1795 2053 1957 2098 referens
1982 2056 2032 2096 ad
2060 2056 2159 2098 alta·

1138 2117 1178 2144 re
1208 2105 1395 2154 Principis
1434 2107 1720 2157 Apostolorum
1759 2106 1927 2151 dedicari
1962 2108 2094 2152 voluit
2119 2110 2165 2151 86

1138 2153 1266 2199 offerri
1277 2182 1291 2204 ,
1319 2171 1363 2198 ut
1392 2161 1579 2211 pignus&
1595 2170 1898 2204 monumentum
1909 2159 2164 2210 camnine,

1137 2221 1254 2259 quam
1272 2207 1374 2250 solus
1390 2213 1606 2262 Principum
1623 2211 1986 2264 complectebatur,
2014 2210 2100 2256 fidei
2111 2242 2121 2253 .

1191 2274 1250 2301 ιι.
1277 2264 1367 2304 Hoc
1394 2265 1531 2306 eodem
1559 2263 1700 2311 saeculo
1740 2264 1956 2307 Catholica
1984 2262 2078 2309 fides
2105 2264 2161 2306 al-

1135 2324 1262 2354 terum
1289 2312 1440 2365 sumpsit
1476 2319 1761 2359 incrementum
1789 2341 1803 2363 ,
1839 2317 2159 2368 Burgundionum

1133 2378 1182 2406 ex
1210 2363 1358 2406 Ariana
1386 2366 1545 2418 perfidia
1571 2367 1849 2410 converfione.
1878 2371 2015 2414 Avitus
2042 2371 2160 2411 Vien-

1135 2430 1182 2467 ,ης
1211 2415 1471 2469 Allobrogum
1501 2422 1533 2464 E
1561 2417 1712 2470 iscopus
1742 2420 1858 2474 quod,
1879 2418 2016 2462 frustra
2033 2434 2158 2464 tenta-

1133 2481 1242 2510 verat
1270 2472 1310 2509 in
1341 2435 1604 2515 Gundebal'do
1623 2472 1942 2525 Burgundionum
1965 2473 2090 2529 Rege,
2119 2473 2160 2515 id

1133 2520 1291 2563 tandem
1319 2523 1494 2567 obtinuit
1522 2527 1562 2564 in
1590 2525 1692 2569 ill-ius
1718 2523 1803 2567 filio
1817 2522 2159 2578 regniquelucces*

1131 2572 1211 2614 sore
1239 2573 1483 2624 Sigismundo
1500 2601 1516 2623 ,
1543 2589 1657 2628 quem
1687 2581 1838 2625 ejurato
1864 2575 2087 2622 Arianismo
2111 2582 2155 2622 in

1131 2624 1235 2665 ovile
1261 2626 1406 2668 Christi
1436 2628 1611 2671 traduxit
1631 2653 1647 2679 9
1673 2627 1824 2681 fuitque
1852 2628 1908 2671 illi
1937 2643 2057 2674 autor
2084 2631 2158 2682 Sy-

1131 2677 1280 2720 nodum
1309 2679 1579 2729 Epaonensem
1605 2681 1854 2724 convocandi
1874 2695 1985 2725 auno
2003 2693 2091 2731 517.
2104 2683 2155 2724 ad

1131 2728 1409 2774 resarciendam
1437 2731 1648 2784 collapsam
1689 2732 1854 2784 Ecclefip
1881 2732 2009 2785 sancte
2034 2731 2152 2777 fidem

1130 2785 1170 2822 &
1197 2781 1436 2832 disciplina-n
1456 2811 1471 2833 ‚
1508 2785 1842 2836 quemadmodum·
1871 2799 1988 2829 antea
2008 2811 2024 2834 ,
2061 2787 2160 2829 Clo⁴

1130 2834 1256 2884 doveo
1286 2835 1336 2876 ad
1362 2834 1476 2879 fidem
1505 2836 1715 2885 converse,
1743 2838 1877 2881 eadem
1889 2852 1936 2878 ex
1957 2836 2069 2880 causa
2084 2839 2156 2880 Re-

1130 2890 1265 2936 migius
1296 2887 1535 2933 Remenfium
1570 2889 1779 2940 Episcopus
1818 2889 1994 2932 Concilii
2033 2891 2162 2932 Aure.

1127 2939 1306 2981 lianenfis
1334 2940 1565 2989 persuaserat
1595 2941 1848 2985 indictionem
1867 2970 1878 2983 .
1905 2941 1993 2984 Isto·
2009 2947 2156 2992 pariter

1128 2990 1268 3042 Seculo
1297 2995 1337 3035 iu
1366 2996 1532 3037 Oriente
1560 2993 1848 3036 Alamundarus
1867 2996 2154 3039 Saracenorum

1126 3044 1211 3087 Rex
1240 3044 1348 3087 bello
1377 3044 1570 3094 strenuus,
1598 3046 1684 3096 post
1702 3045 1953 3096 depopulatas
1977 3046 2153 3090 Arabum

1125 3100 1165 3137 &
1194 3095 1403 3139 Palaestinae
1432 3101 1635 3150 regiones,
1663 3097 1823 3143 Christo
1846 3113 1992 3141 nomen
2020 3099 2154 3148 dedit,

1125 3149 1278 3197 abjecto
1315 3149 1510 3193 idolorum
1547 3151 1688 3197 cultu,
1724 3165 1832 3193 anno
1862 3150 1958 3192 Chr.
1988 3163 2074 3203 513.
2103 3155 2151 3194 Et

1125 3201 1218 3244 licet
1246 3201 1539 3255 Euthychiani,
1569 3216 1670 3254 quos
1703 3201 2153 3253 Anastafiuslmperastor

1125 3254 1234 3303 omni
1261 3253 1385 3295 studio
1413 3253 1595 3302 fovebat,
1626 3254 1882 3297 Catholicam
1912 3253 2147 3299 fidem÷toto

1124 3309 1287 3347 Oriente
1315 3303 1596 3349 insectarentur
1613 3332 1630 3354 ,
1667 3309 1707 3348 δι
1734 3310 1894 3349 Severus
1924 3306 2150 3359 speudoepi-

1123 3356 1258 3407 scopus
1278 3356 1551 3401 Antiocbeuus
1564 3358 1745 3401 sectarios
1757 3359 1967 3410 Episcopus
1981 3362 2029 3403 ad
2042 3361 2146 3404 hunc

1123 3413 1340 3459 Principem
1367 3409 1569 3463 delegasset
1586 3437 1599 3457 ,
1628 3410 1802 3452 suasuros
1830 3427 1879 3453 ne
1910 3414 2005 3456 alibi
2019 3428 2145 3465 squam

1122 3462 1224 3511 apud
1252 3462 1523 3512 Euty-hianos
1553 3464 1744 3512 baptizari
1767 3464 1910 3512 vellet‚·
1937 3465 2003 3509 iste
2025 3481 2067 3508 ut
2080 3482 2146 3507 eos

1122 3513 1229 3555 simul
1257 3514 1454 3563 eluderet,
1482 3519 1811 3565 &convinceret,
1840 3514 2013 3560 fabulam
2033 3533 2149 3559 exco-

1121 3569 1281 3620 gitavit,
1308 3566 1465 3619 dicens,
1494 3582 1572 3611 rem
1585 3582 1730 3611 novam
1746 3567 1892 3623 scriptis
1911 3571 1961 3612 ad
1972 3568 2145 3664 sggoetls

2017 3638 2026 3660 l
2055 3637 2094 3664 λ’·
