<?xml version="1.0" encoding="UTF-8"?>
<!DOCTYPE html PUBLIC "-//W3C//DTD XHTML 1.0 Transitional//EN"
    "http://www.w3.org/TR/xhtml1/DTD/xhtml1-transitional.dtd">
<html xmlns="http://www.w3.org/1999/xhtml" xml:lang="en" lang="en">
 <head>
  <title>
</title>
<meta http-equiv="Content-Type" content="text/html;charset=utf-8" />
  <meta name='ocr-system' content='tesseract 3.04.00' />
  <meta name='ocr-capabilities' content='ocr_page ocr_carea ocr_par ocr_line ocrx_word'/>
</head>
<body>
  <div class='ocr_page' id='page_1' title='image "./notitiaecclesias00cabauoft_0415.png"; bbox 0 0 2430 3958; ppageno 0'>
   <div class='ocr_carea' id='block_1_1' title="bbox 0 152 12 206">
    <p class='ocr_par' dir='ltr' id='par_1_1' title="bbox 0 152 12 206">
     <span class='ocr_line' id='line_1_1' title="bbox 0 152 12 178; baseline 0 0"><span class='ocrx_word' id='word_1_1' title='bbox 0 152 12 178; x_wconf 47' lang='lat' dir='ltr'><em>*l</em></span> 
     </span>
     <span class='ocr_line' id='line_1_2' title="bbox 0 188 3 206; baseline 0 -3"><span class='ocrx_word' id='word_1_2' title='bbox 0 188 3 206; x_wconf 62' lang='lat' dir='ltr'><em>i</em></span> 
     </span>
    </p>
   </div>
   <div class='ocr_carea' id='block_1_2' title="bbox 0 264 11 320">
    <p class='ocr_par' dir='ltr' id='par_1_2' title="bbox 0 264 11 320">
     <span class='ocr_line' id='line_1_3' title="bbox 0 264 11 300; baseline 0 0"><span class='ocrx_word' id='word_1_3' title='bbox 0 277 1 285; x_wconf 62' lang='lat'>¹</span> <span class='ocrx_word' id='word_1_4' title='bbox 10 264 11 300; x_wconf 42' lang='lat' dir='ltr'><em>l</em></span> 
     </span>
     <span class='ocr_line' id='line_1_4' title="bbox 0 297 3 320; baseline 0 0"><span class='ocrx_word' id='word_1_5' title='bbox 0 297 3 320; x_wconf 71' lang='lat'>&gt;</span> 
     </span>
    </p>
   </div>
   <div class='ocr_carea' id='block_1_3' title="bbox 9 301 12 459">
    <p class='ocr_par' dir='ltr' id='par_1_3' title="bbox 9 301 12 459">
     <span class='ocr_line' id='line_1_5' title="bbox 9 301 12 459; baseline 0 3499"><span class='ocrx_word' id='word_1_6' title='bbox 9 301 12 459; x_wconf 95' lang='lat' dir='ltr'><em> </em></span> 
     </span>
    </p>
   </div>
   <div class='ocr_carea' id='block_1_4' title="bbox 283 202 1747 329">
    <p class='ocr_par' dir='ltr' id='par_1_4' title="bbox 283 202 1747 329">
     <span class='ocr_line' id='line_1_6' title="bbox 283 202 1747 329; baseline -0.009 -37"><span class='ocrx_word' id='word_1_7' title='bbox 283 204 944 294; x_wconf 59' lang='lat' dir='ltr'><em>Conc&#39;ilzcenerale</em></span> <span class='ocrx_word' id='word_1_8' title='bbox 968 202 1207 329; x_wconf 67' lang='lat' dir='ltr'><em>Lttgd.</em></span> <span class='ocrx_word' id='word_1_9' title='bbox 1232 207 1285 284; x_wconf 84' lang='grc' dir='ltr'><em>Ι.</em></span> <span class='ocrx_word' id='word_1_10' title='bbox 1308 234 1415 288; x_wconf 85' lang='lat' dir='ltr'><em>an.</em></span> <span class='ocrx_word' id='word_1_11' title='bbox 1457 239 1476 290; x_wconf 87' lang='lat'>1</span> <span class='ocrx_word' id='word_1_12' title='bbox 1510 239 1699 305; x_wconf 67' lang='lat'><em>2454„</em></span> <span class='ocrx_word' id='word_1_13' title='bbox 1746 274 1747 278; x_wconf 3' lang='lat' dir='ltr'><em>a</em></span> 
     </span>
    </p>
   </div>
   <div class='ocr_carea' id='block_1_5' title="bbox 0 319 2163 386">
    <p class='ocr_par' dir='ltr' id='par_1_5' title="bbox 0 319 2163 386">
     <span class='ocr_line' id='line_1_7' title="bbox 0 319 2163 386; baseline -0.002 -22"><span class='ocrx_word' id='word_1_14' title='bbox 0 332 5 386; x_wconf 63' lang='lat' dir='ltr'><em>&#39;i</em></span> <span class='ocrx_word' id='word_1_15' title='bbox 55 330 604 377; x_wconf 57' lang='lat' dir='ltr'><em>,intumtanquamcontumaeem</em></span> <span class='ocrx_word' id='word_1_16' title='bbox 613 333 691 363; x_wconf 86' lang='lat' dir='ltr'><em>tam</em></span> <span class='ocrx_word' id='word_1_17' title='bbox 705 325 741 362; x_wconf 92' lang='lat' dir='ltr'><em>in</em></span> <span class='ocrx_word' id='word_1_18' title='bbox 755 319 1094 370; x_wconf 76' lang='lat' dir='ltr'><em>expenfis‚quamm</em></span> <span class='ocrx_word' id='word_1_19' title='bbox 1137 331 1248 367; x_wconf 81' lang='lat' dir='ltr'><em>quam</em></span> <span class='ocrx_word' id='word_1_20' title='bbox 1267 319 1484 367; x_wconf 69' lang='lat' dir='ltr'><em>Christiane</em></span> <span class='ocrx_word' id='word_1_21' title='bbox 1508 323 1688 370; x_wconf 73' lang='lat' dir='ltr'><em>religionis</em></span> <span class='ocrx_word' id='word_1_22' title='bbox 1710 323 1882 372; x_wconf 71' lang='lat' dir='ltr'><em>aemulus,</em></span> <span class='ocrx_word' id='word_1_23' title='bbox 1907 324 1936 361; x_wconf 75' lang='grc' dir='ltr'><em>ὰ</em></span> <span class='ocrx_word' id='word_1_24' title='bbox 1961 335 2030 361; x_wconf 84' lang='lat' dir='ltr'><em>toto</em></span> <span class='ocrx_word' id='word_1_25' title='bbox 2052 324 2163 362; x_wconf 83' lang='lat' dir='ltr'><em>Chri.</em></span> 
     </span>
    </p>
   </div>
   <div class='ocr_carea' id='block_1_6' title="bbox 29 369 1098 673">
    <p class='ocr_par' dir='ltr' id='par_1_6' title="bbox 29 369 1097 474">
     <span class='ocr_line' id='line_1_8' title="bbox 29 369 1097 439; baseline -0.006 -27"><span class='ocrx_word' id='word_1_26' title='bbox 29 370 379 439; x_wconf 39' lang='lat' dir='ltr'><em>aessaeusaffquantum</em></span> <span class='ocrx_word' id='word_1_27' title='bbox 391 375 419 415; x_wconf 72' lang='grc' dir='ltr'><em>ὰ</em></span> <span class='ocrx_word' id='word_1_28' title='bbox 424 376 508 421; x_wconf 84' lang='lat' dir='ltr'><em>jure</em></span> <span class='ocrx_word' id='word_1_29' title='bbox 519 373 768 423; x_wconf 84' lang='lat' dir='ltr'><em>permittitur)</em></span> <span class='ocrx_word' id='word_1_30' title='bbox 778 371 1007 421; x_wconf 76' lang='lat' dir='ltr'><em>procedatur.</em></span> <span class='ocrx_word' id='word_1_31' title='bbox 1020 369 1097 417; x_wconf 75' lang='lat' dir='ltr'><em>Ju-</em></span> 
     </span>
     <span class='ocr_line' id='line_1_9' title="bbox 53 420 1096 474; baseline -0.005 -13"><span class='ocrx_word' id='word_1_32' title='bbox 53 421 144 470; x_wconf 70' lang='lat' dir='ltr'><em>ssum</em></span> <span class='ocrx_word' id='word_1_33' title='bbox 154 423 204 470; x_wconf 72' lang='lat' dir='ltr'><em>est</em></span> <span class='ocrx_word' id='word_1_34' title='bbox 218 424 438 474; x_wconf 78' lang='lat' dir='ltr'><em>equidem,ut</em></span> <span class='ocrx_word' id='word_1_35' title='bbox 451 427 489 462; x_wconf 84' lang='lat' dir='ltr'><em>in</em></span> <span class='ocrx_word' id='word_1_36' title='bbox 504 437 584 463; x_wconf 85' lang='lat' dir='ltr'><em>eum</em></span> <span class='ocrx_word' id='word_1_37' title='bbox 591 424 680 470; x_wconf 80' lang='lat' dir='ltr'><em>jura</em></span> <span class='ocrx_word' id='word_1_38' title='bbox 690 421 892 470; x_wconf 83' lang='lat' dir='ltr'><em>insurgant,</em></span> <span class='ocrx_word' id='word_1_39' title='bbox 907 422 969 470; x_wconf 89' lang='lat' dir='ltr'><em>qui</em></span> <span class='ocrx_word' id='word_1_40' title='bbox 976 421 1041 467; x_wconf 65' lang='lat' dir='ltr'><em>jus·</em></span> <span class='ocrx_word' id='word_1_41' title='bbox 1055 420 1096 463; x_wconf 72' lang='lat'><em>(5</em></span> 
     </span>
    </p>

    <p class='ocr_par' dir='ltr' id='par_1_7' title="bbox 47 469 1087 524">
     <span class='ocr_line' id='line_1_10' title="bbox 47 469 1087 524; baseline -0.006 -13"><span class='ocrx_word' id='word_1_42' title='bbox 47 474 209 523; x_wconf 76' lang='lat' dir='ltr'><em>judicem</em></span> <span class='ocrx_word' id='word_1_43' title='bbox 222 476 263 520; x_wconf 71' lang='lat' dir='ltr'><em>ab·</em></span> <span class='ocrx_word' id='word_1_44' title='bbox 275 485 418 524; x_wconf 82' lang='lat' dir='ltr'><em>partem</em></span> <span class='ocrx_word' id='word_1_45' title='bbox 430 473 546 512; x_wconf 84' lang='lat' dir='ltr'><em>eludit</em></span> <span class='ocrx_word' id='word_1_46' title='bbox 557 475 738 520; x_wconf 86' lang='lat' dir='ltr'><em>.cap.1.de</em></span> <span class='ocrx_word' id='word_1_47' title='bbox 760 470 1028 518; x_wconf 79' lang='lat' dir='ltr'><em>appellatio.in</em></span> <span class='ocrx_word' id='word_1_48' title='bbox 1051 469 1087 507; x_wconf 83' lang='lat'><em>6.</em></span> 
     </span>
    </p>

    <p class='ocr_par' dir='ltr' id='par_1_8' title="bbox 106 518 1096 573">
     <span class='ocr_line' id='line_1_11' title="bbox 106 518 1096 573; baseline -0.008 -10"><span class='ocrx_word' id='word_1_49' title='bbox 106 525 290 572; x_wconf 77' lang='lat' dir='ltr'><em>Legitima</em></span> <span class='ocrx_word' id='word_1_50' title='bbox 299 521 509 573; x_wconf 71' lang='lat' dir='ltr'><em>suspicionis</em></span> <span class='ocrx_word' id='word_1_51' title='bbox 521 521 632 571; x_wconf 85' lang='lat' dir='ltr'><em>causa</em></span> <span class='ocrx_word' id='word_1_52' title='bbox 645 533 766 563; x_wconf 88' lang='lat' dir='ltr'><em>contra</em></span> <span class='ocrx_word' id='word_1_53' title='bbox 773 520 934 569; x_wconf 79' lang='lat' dir='ltr'><em>judicem</em></span> <span class='ocrx_word' id='word_1_54' title='bbox 945 518 1096 567; x_wconf 80' lang='lat' dir='ltr'><em>afflgna-</em></span> 
     </span>
    </p>

    <p class='ocr_par' dir='ltr' id='par_1_9' title="bbox 50 569 1095 621">
     <span class='ocr_line' id='line_1_12' title="bbox 50 569 1095 621; baseline -0.006 -8"><span class='ocrx_word' id='word_1_55' title='bbox 50 584 100 614; x_wconf 77' lang='lat' dir='ltr'><em>ta</em></span> <span class='ocrx_word' id='word_1_56' title='bbox 112 601 125 620; x_wconf 89' lang='lat'>,</span> <span class='ocrx_word' id='word_1_57' title='bbox 151 575 193 618; x_wconf 66' lang='grc' dir='ltr'><em>ό·</em></span> <span class='ocrx_word' id='word_1_58' title='bbox 208 574 380 615; x_wconf 82' lang='lat' dir='ltr'><em>Arbitris</em></span> <span class='ocrx_word' id='word_1_59' title='bbox 393 574 420 611; x_wconf 75' lang='grc' dir='ltr'><em>ὰ</em></span> <span class='ocrx_word' id='word_1_60' title='bbox 433 573 602 621; x_wconf 74' lang='lat' dir='ltr'><em>partibus</em></span> <span class='ocrx_word' id='word_1_61' title='bbox 610 570 807 621; x_wconf 63' lang='lat' dir='ltr'><em>seeundum</em></span> <span class='ocrx_word' id='word_1_62' title='bbox 821 570 982 618; x_wconf 81' lang='lat' dir='ltr'><em>formam</em></span> <span class='ocrx_word' id='word_1_63' title='bbox 997 569 1095 616; x_wconf 72' lang='lat' dir='ltr'><em>juris</em></span> 
     </span>
    </p>

    <p class='ocr_par' dir='ltr' id='par_1_10' title="bbox 55 619 1098 673">
     <span class='ocr_line' id='line_1_13' title="bbox 55 619 1098 673; baseline -0.007 -12"><span class='ocrx_word' id='word_1_64' title='bbox 55 623 260 673; x_wconf 69' lang='lat' dir='ltr'><em>eleiiis,qui</em></span> <span class='ocrx_word' id='word_1_65' title='bbox 270 624 321 665; x_wconf 81' lang='lat' dir='ltr'><em>de</em></span> <span class='ocrx_word' id='word_1_66' title='bbox 337 621 419 672; x_wconf 80' lang='lat' dir='ltr'><em>ipsa</em></span> <span class='ocrx_word' id='word_1_67' title='bbox 431 621 738 671; x_wconf 76' lang='lat' dir='ltr'><em>cognoscant‚saepe</em></span> <span class='ocrx_word' id='word_1_68' title='bbox 751 619 1029 668; x_wconf 77' lang='lat' dir='ltr'><em>contingit,qubd</em></span> <span class='ocrx_word' id='word_1_69' title='bbox 1039 620 1098 667; x_wconf 70' lang='lat' dir='ltr'><em>,ip-</em></span> 
     </span>
    </p>
   </div>
   <div class='ocr_carea' id='block_1_7' title="bbox 16 669 1098 778">
    <p class='ocr_par' dir='ltr' id='par_1_11' title="bbox 16 669 1098 778">
     <span class='ocr_line' id='line_1_14' title="bbox 16 669 1098 720; baseline -0.007 -8"><span class='ocrx_word' id='word_1_70' title='bbox 16 671 21 699; x_wconf 49' lang='lat'><em>1³</em></span> <span class='ocrx_word' id='word_1_71' title='bbox 50 673 104 720; x_wconf 79' lang='lat' dir='ltr'><em>fis</em></span> <span class='ocrx_word' id='word_1_72' title='bbox 117 675 154 711; x_wconf 90' lang='lat' dir='ltr'><em>in</em></span> <span class='ocrx_word' id='word_1_73' title='bbox 164 675 264 716; x_wconf 82' lang='lat' dir='ltr'><em>idem</em></span> <span class='ocrx_word' id='word_1_74' title='bbox 276 675 462 714; x_wconf 73' lang='lat' dir='ltr'><em>convenire</em></span> <span class='ocrx_word' id='word_1_75' title='bbox 475 674 748 719; x_wconf 82' lang='lat' dir='ltr'><em>nolentibus,ncc</em></span> <span class='ocrx_word' id='word_1_76' title='bbox 761 672 904 708; x_wconf 85' lang='lat' dir='ltr'><em>tertium</em></span> <span class='ocrx_word' id='word_1_77' title='bbox 914 669 1098 710; x_wconf 83' lang='lat' dir='ltr'><em>advocan-</em></span> 
     </span>
     <span class='ocr_line' id='line_1_15' title="bbox 18 717 1097 778; baseline -0.005 -17"><span class='ocrx_word' id='word_1_78' title='bbox 18 749 19 752; x_wconf 57' lang='lat'><em>=</em></span> <span class='ocrx_word' id='word_1_79' title='bbox 53 723 245 778; x_wconf 59' lang='lat' dir='ltr'><em>tibusssum</em></span> <span class='ocrx_word' id='word_1_80' title='bbox 258 738 323 773; x_wconf 79' lang='lat' dir='ltr'><em>quo</em></span> <span class='ocrx_word' id='word_1_81' title='bbox 333 723 438 764; x_wconf 84' lang='lat' dir='ltr'><em>ambo</em></span> <span class='ocrx_word' id='word_1_82' title='bbox 452 723 509 763; x_wconf 80' lang='lat' dir='ltr'><em>:vel</em></span> <span class='ocrx_word' id='word_1_83' title='bbox 524 724 618 763; x_wconf 86' lang='lat' dir='ltr'><em>alter</em></span> <span class='ocrx_word' id='word_1_84' title='bbox 630 719 744 761; x_wconf 81' lang='lat' dir='ltr'><em>eorum</em></span> <span class='ocrx_word' id='word_1_85' title='bbox 754 718 925 769; x_wconf 81' lang='lat' dir='ltr'><em>procedat</em></span> <span class='ocrx_word' id='word_1_86' title='bbox 936 719 989 755; x_wconf 84' lang='lat' dir='ltr'><em>ad</em></span> <span class='ocrx_word' id='word_1_87' title='bbox 1000 717 1097 755; x_wconf 79' lang='lat' dir='ltr'><em>deci-</em></span> 
     </span>
    </p>
   </div>
   <div class='ocr_carea' id='block_1_8' title="bbox 0 3365 17 3595">
    <p class='ocr_par' dir='ltr' id='par_1_12' title="bbox 0 3365 5 3376">
     <span class='ocr_line' id='line_1_16' title="bbox 0 3365 5 3376; baseline 0 0"><span class='ocrx_word' id='word_1_88' title='bbox 0 3365 5 3376; x_wconf 62' lang='grc' dir='ltr'><strong>Ρ</strong></span> 
     </span>
    </p>

    <p class='ocr_par' dir='ltr' id='par_1_13' title="bbox 0 3387 3 3406">
     <span class='ocr_line' id='line_1_17' title="bbox 0 3387 3 3406; baseline 0 0"><span class='ocrx_word' id='word_1_89' title='bbox 0 3387 3 3406; x_wconf 73' lang='lat' dir='ltr'><em>l</em></span> 
     </span>
    </p>

    <p class='ocr_par' dir='ltr' id='par_1_14' title="bbox 0 3420 15 3474">
     <span class='ocr_line' id='line_1_18' title="bbox 0 3420 15 3474; baseline 0 0"><span class='ocrx_word' id='word_1_90' title='bbox 0 3420 15 3474; x_wconf 51' lang='grc' dir='ltr'><em>ἵε</em></span> 
     </span>
    </p>

    <p class='ocr_par' dir='ltr' id='par_1_15' title="bbox 0 3477 17 3595">
     <span class='ocr_line' id='line_1_19' title="bbox 0 3477 17 3504; baseline 0 -6"><span class='ocrx_word' id='word_1_91' title='bbox 0 3477 17 3504; x_wconf 63' lang='grc'><em>5,»</em></span> 
     </span>
     <span class='ocr_line' id='line_1_20' title="bbox 14 3573 17 3595; baseline 0 0"><span class='ocrx_word' id='word_1_92' title='bbox 14 3573 17 3595; x_wconf 73' lang='grc' dir='ltr'>Ι</span> 
     </span>
    </p>
   </div>
   <div class='ocr_carea' id='block_1_9' title="bbox 14 3630 17 3638">
    <p class='ocr_par' dir='ltr' id='par_1_16' title="bbox 14 3630 17 3638">
     <span class='ocr_line' id='line_1_21' title="bbox 14 3630 17 3638; baseline 0 0"><span class='ocrx_word' id='word_1_93' title='bbox 14 3630 17 3638; x_wconf 78' lang='grc' dir='ltr'><em>ι</em></span> 
     </span>
    </p>
   </div>
   <div class='ocr_carea' id='block_1_10' title="bbox 15 3703 18 3721">
    <p class='ocr_par' dir='ltr' id='par_1_17' title="bbox 15 3703 18 3721">
     <span class='ocr_line' id='line_1_22' title="bbox 15 3703 18 3721; baseline 0 0"><span class='ocrx_word' id='word_1_94' title='bbox 15 3703 18 3721; x_wconf 81' lang='grc' dir='ltr'>Ι</span> 
     </span>
    </p>
   </div>
   <div class='ocr_carea' id='block_1_11' title="bbox 43 767 1096 1625">
    <p class='ocr_par' dir='ltr' id='par_1_18' title="bbox 43 767 1096 1420">
     <span class='ocr_line' id='line_1_23' title="bbox 49 767 1095 823; baseline -0.01 -9"><span class='ocrx_word' id='word_1_95' title='bbox 49 774 178 818; x_wconf 72' lang='grc' dir='ltr'><em>Ιεωισηι</em></span> <span class='ocrx_word' id='word_1_96' title='bbox 192 777 299 823; x_wconf 79' lang='lat' dir='ltr'><em>ipsius</em></span> <span class='ocrx_word' id='word_1_97' title='bbox 312 776 462 821; x_wconf 85' lang='lat' dir='ltr'><em>negotii,</em></span> <span class='ocrx_word' id='word_1_98' title='bbox 479 783 518 813; x_wconf 87' lang='lat' dir='ltr'><em>ut</em></span> <span class='ocrx_word' id='word_1_99' title='bbox 531 783 694 813; x_wconf 86' lang='lat' dir='ltr'><em>tenentur</em></span> <span class='ocrx_word' id='word_1_100' title='bbox 705 797 718 817; x_wconf 95' lang='lat'>,</span> <span class='ocrx_word' id='word_1_101' title='bbox 727 769 845 817; x_wconf 77' lang='lat' dir='ltr'><em>judex</em></span> <span class='ocrx_word' id='word_1_102' title='bbox 856 767 1019 818; x_wconf 85' lang='lat' dir='ltr'><em>proferat</em></span> <span class='ocrx_word' id='word_1_103' title='bbox 1031 780 1095 807; x_wconf 77' lang='lat' dir='ltr'><em>¹cn-</em></span> 
     </span>
     <span class='ocr_line' id='line_1_24' title="bbox 49 816 1093 870; baseline -0.008 -8"><span class='ocrx_word' id='word_1_104' title='bbox 49 826 380 865; x_wconf 78' lang='lat' dir='ltr'><em>.communicationis</em></span> <span class='ocrx_word' id='word_1_105' title='bbox 388 822 604 870; x_wconf 78' lang='lat' dir='ltr'><em>sententiam</em></span> <span class='ocrx_word' id='word_1_106' title='bbox 617 832 739 863; x_wconf 78' lang='lat' dir='ltr'><em>contra</em></span> <span class='ocrx_word' id='word_1_107' title='bbox 757 816 853 868; x_wconf 74' lang='lat' dir='ltr'><em>ipsos</em></span> <span class='ocrx_word' id='word_1_108' title='bbox 868 843 881 863; x_wconf 82' lang='lat'>‚</span> <span class='ocrx_word' id='word_1_109' title='bbox 902 831 1014 867; x_wconf 84' lang='lat' dir='ltr'><em>quam</em></span> <span class='ocrx_word' id='word_1_110' title='bbox 1029 817 1093 864; x_wconf 83' lang='lat' dir='ltr'><em>ipsi</em></span> 
     </span>
     <span class='ocr_line' id='line_1_25' title="bbox 48 868 1091 923; baseline -0.009 -13"><span class='ocrx_word' id='word_1_111' title='bbox 48 882 132 911; x_wconf 78' lang='lat' dir='ltr'><em>tum</em></span> <span class='ocrx_word' id='word_1_112' title='bbox 139 885 284 923; x_wconf 82' lang='lat' dir='ltr'><em>propter</em></span> <span class='ocrx_word' id='word_1_113' title='bbox 292 871 504 918; x_wconf 51' lang='lat' dir='ltr'><em>odiumffium</em></span> <span class='ocrx_word' id='word_1_114' title='bbox 515 870 829 922; x_wconf 79' lang='lat' dir='ltr'><em>propterfauorem</em></span> <span class='ocrx_word' id='word_1_115' title='bbox 839 870 1000 917; x_wconf 82' lang='lat' dir='ltr'><em>partium</em></span> <span class='ocrx_word' id='word_1_116' title='bbox 1011 868 1091 905; x_wconf 83' lang='lat' dir='ltr'><em>diu.-</em></span> 
     </span>
     <span class='ocr_line' id='line_1_26' title="bbox 55 917 1092 974; baseline -0.007 -13"><span class='ocrx_word' id='word_1_117' title='bbox 55 925 131 961; x_wconf 76' lang='lat' dir='ltr'><em>tt‘tes</em></span> <span class='ocrx_word' id='word_1_118' title='bbox 143 923 381 971; x_wconf 76' lang='lat' dir='ltr'><em>vilipendunt.</em></span> <span class='ocrx_word' id='word_1_119' title='bbox 393 923 520 974; x_wconf 72' lang='lat' dir='ltr'><em>Qare</em></span> <span class='ocrx_word' id='word_1_120' title='bbox 532 921 644 970; x_wconf 75' lang='lat' dir='ltr'><em>eausa</em></span> <span class='ocrx_word' id='word_1_121' title='bbox 655 917 737 969; x_wconf 74' lang='lat' dir='ltr'><em>ipsa</em></span> <span class='ocrx_word' id='word_1_122' title='bbox 747 918 831 966; x_wconf 83' lang='lat' dir='ltr'><em>plus</em></span> <span class='ocrx_word' id='word_1_123' title='bbox 847 918 965 957; x_wconf 82' lang='lat' dir='ltr'><em>debito</em></span> <span class='ocrx_word' id='word_1_124' title='bbox 975 929 1092 966; x_wconf 81' lang='lat' dir='ltr'><em>proro-</em></span> 
     </span>
     <span class='ocr_line' id='line_1_27' title="bbox 47 970 1095 1022; baseline -0.008 -11"><span class='ocrx_word' id='word_1_125' title='bbox 47 983 147 1021; x_wconf 81' lang='lat' dir='ltr'><em>gata</em></span> <span class='ocrx_word' id='word_1_126' title='bbox 157 999 171 1019; x_wconf 86' lang='lat'>‚</span> <span class='ocrx_word' id='word_1_127' title='bbox 185 987 248 1012; x_wconf 89' lang='lat' dir='ltr'><em>non</em></span> <span class='ocrx_word' id='word_1_128' title='bbox 259 973 463 1022; x_wconf 85' lang='lat' dir='ltr'><em>proceditur</em></span> <span class='ocrx_word' id='word_1_129' title='bbox 474 973 532 1011; x_wconf 84' lang='lat' dir='ltr'><em>ad</em></span> <span class='ocrx_word' id='word_1_130' title='bbox 543 973 765 1020; x_wconf 85' lang='lat' dir='ltr'><em>cognitionem</em></span> <span class='ocrx_word' id='word_1_131' title='bbox 776 970 901 1016; x_wconf 86' lang='lat' dir='ltr'><em>negotii</em></span> <span class='ocrx_word' id='word_1_132' title='bbox 914 970 1095 1016; x_wconf 82' lang='lat' dir='ltr'><em>principa·</em></span> 
     </span>
     <span class='ocr_line' id='line_1_28' title="bbox 51 1018 1096 1072; baseline -0.01 -10"><span class='ocrx_word' id='word_1_133' title='bbox 51 1024 125 1062; x_wconf 73' lang='lat' dir='ltr'><em>lis.</em></span> <span class='ocrx_word' id='word_1_134' title='bbox 140 1024 182 1062; x_wconf 85' lang='lat' dir='ltr'><em>V</em></span> <span class='ocrx_word' id='word_1_135' title='bbox 178 1025 310 1063; x_wconf 88' lang='lat' dir='ltr'><em>olentes</em></span> <span class='ocrx_word' id='word_1_136' title='bbox 323 1026 432 1071; x_wconf 87' lang='lat' dir='ltr'><em>igitur</em></span> <span class='ocrx_word' id='word_1_137' title='bbox 447 1023 560 1062; x_wconf 86' lang='lat' dir='ltr'><em>morbo</em></span> <span class='ocrx_word' id='word_1_138' title='bbox 573 1018 771 1072; x_wconf 80' lang='lat' dir='ltr'><em>hujusmodi</em></span> <span class='ocrx_word' id='word_1_139' title='bbox 786 1018 900 1064; x_wconf 79' lang='lat' dir='ltr'><em>necess</em></span> <span class='ocrx_word' id='word_1_140' title='bbox 895 1020 1011 1055; x_wconf 90' lang='lat' dir='ltr'><em>ariam</em></span> <span class='ocrx_word' id='word_1_141' title='bbox 1025 1018 1096 1054; x_wconf 79' lang='lat' dir='ltr'><em>ad.</em></span> 
     </span>
     <span class='ocr_line' id='line_1_29' title="bbox 54 1067 1094 1122; baseline -0.008 -11"><span class='ocrx_word' id='word_1_142' title='bbox 54 1073 178 1111; x_wconf 84' lang='lat' dir='ltr'><em>bibere</em></span> <span class='ocrx_word' id='word_1_143' title='bbox 190 1072 631 1122; x_wconf 62' lang='lat' dir='ltr'><em>medelamstatuimus,ut</em></span> <span class='ocrx_word' id='word_1_144' title='bbox 641 1068 728 1120; x_wconf 87' lang='lat' dir='ltr'><em>ipfis</em></span> <span class='ocrx_word' id='word_1_145' title='bbox 743 1067 909 1120; x_wconf 72' lang='lat' dir='ltr'><em>Arbitris</em></span> <span class='ocrx_word' id='word_1_146' title='bbox 919 1078 985 1117; x_wconf 86' lang='lat' dir='ltr'><em>per</em></span> <span class='ocrx_word' id='word_1_147' title='bbox 991 1067 1094 1116; x_wconf 82' lang='lat' dir='ltr'><em>judi-</em></span> 
     </span>
     <span class='ocr_line' id='line_1_30' title="bbox 49 1118 1093 1173; baseline -0.01 -9"><span class='ocrx_word' id='word_1_148' title='bbox 49 1136 130 1162; x_wconf 79' lang='lat' dir='ltr'><em>eem</em></span> <span class='ocrx_word' id='word_1_149' title='bbox 153 1135 350 1173; x_wconf 79' lang='lat' dir='ltr'><em>competens</em></span> <span class='ocrx_word' id='word_1_150' title='bbox 360 1127 534 1163; x_wconf 83' lang='lat' dir='ltr'><em>terminus</em></span> <span class='ocrx_word' id='word_1_151' title='bbox 545 1119 753 1172; x_wconf 80' lang='lat' dir='ltr'><em>praefigatur</em></span> <span class='ocrx_word' id='word_1_152' title='bbox 769 1143 784 1167; x_wconf 92' lang='lat'><em>.,</em></span> <span class='ocrx_word' id='word_1_153' title='bbox 821 1118 922 1164; x_wconf 77' lang='lat' dir='ltr'><em>infra</em></span> <span class='ocrx_word' id='word_1_154' title='bbox 935 1131 1036 1166; x_wconf 84' lang='lat' dir='ltr'><em>quem</em></span> <span class='ocrx_word' id='word_1_155' title='bbox 1054 1120 1093 1158; x_wconf 85' lang='lat' dir='ltr'><em>in</em></span> 
     </span>
     <span class='ocr_line' id='line_1_31' title="bbox 54 1166 1091 1223; baseline -0.004 -12"><span class='ocrx_word' id='word_1_156' title='bbox 54 1174 155 1212; x_wconf 85' lang='lat' dir='ltr'><em>idem</em></span> <span class='ocrx_word' id='word_1_157' title='bbox 162 1178 397 1223; x_wconf 83' lang='lat' dir='ltr'><em>conveniant,</em></span> <span class='ocrx_word' id='word_1_158' title='bbox 423 1173 482 1211; x_wconf 79' lang='lat' dir='ltr'><em>vel</em></span> <span class='ocrx_word' id='word_1_159' title='bbox 492 1172 639 1212; x_wconf 84' lang='lat' dir='ltr'><em>tertium</em></span> <span class='ocrx_word' id='word_1_160' title='bbox 650 1166 864 1211; x_wconf 81' lang='lat' dir='ltr'><em>concorditer</em></span> <span class='ocrx_word' id='word_1_161' title='bbox 875 1167 1053 1205; x_wconf 76' lang='lat' dir='ltr'><em>advocent</em></span> <span class='ocrx_word' id='word_1_162' title='bbox 1077 1194 1091 1214; x_wconf 91' lang='lat'>‚</span> 
     </span>
     <span class='ocr_line' id='line_1_32' title="bbox 54 1215 1090 1273; baseline -0.007 -11"><span class='ocrx_word' id='word_1_163' title='bbox 54 1237 135 1261; x_wconf 85' lang='lat' dir='ltr'><em>cum</em></span> <span class='ocrx_word' id='word_1_164' title='bbox 157 1239 233 1273; x_wconf 45' lang='lat' dir='ltr'><em>quo&gt;</em></span> <span class='ocrx_word' id='word_1_165' title='bbox 246 1225 347 1263; x_wconf 78' lang='lat' dir='ltr'><em>ambo</em></span> <span class='ocrx_word' id='word_1_166' title='bbox 365 1250 380 1269; x_wconf 88' lang='lat'>,</span> <span class='ocrx_word' id='word_1_167' title='bbox 405 1221 574 1259; x_wconf 85' lang='lat' dir='ltr'><em>vel-alter</em></span> <span class='ocrx_word' id='word_1_168' title='bbox 588 1234 707 1259; x_wconf 87' lang='lat' dir='ltr'><em>eorum</em></span> <span class='ocrx_word' id='word_1_169' title='bbox 718 1215 876 1267; x_wconf 78' lang='lat' dir='ltr'><em>ejusdem</em></span> <span class='ocrx_word' id='word_1_170' title='bbox 883 1216 1090 1265; x_wconf 79' lang='lat' dir='ltr'><em>suspicionis</em></span> 
     </span>
     <span class='ocr_line' id='line_1_33' title="bbox 48 1267 1090 1321; baseline -0.008 -9"><span class='ocrx_word' id='word_1_171' title='bbox 48 1278 230 1321; x_wconf 76' lang='lat' dir='ltr'><em>negotium</em></span> <span class='ocrx_word' id='word_1_172' title='bbox 261 1276 458 1314; x_wconf 84' lang='lat' dir='ltr'><em>terminare</em></span> <span class='ocrx_word' id='word_1_173' title='bbox 477 1282 663 1318; x_wconf 76' lang='lat' dir='ltr'><em>procurent</em></span> <span class='ocrx_word' id='word_1_174' title='bbox 675 1296 685 1305; x_wconf 94' lang='lat'><em>.</em></span> <span class='ocrx_word' id='word_1_175' title='bbox 717 1267 885 1316; x_wconf 82' lang='lat' dir='ltr'><em>Alioquin</em></span> <span class='ocrx_word' id='word_1_176' title='bbox 902 1268 1018 1316; x_wconf 83' lang='lat' dir='ltr'><em>judex</em></span> <span class='ocrx_word' id='word_1_177' title='bbox 1045 1281 1090 1307; x_wconf 77' lang='lat' dir='ltr'><em>ex</em></span> 
     </span>
     <span class='ocr_line' id='line_1_34' title="bbox 52 1321 1088 1374; baseline -0.004 -15"><span class='ocrx_word' id='word_1_178' title='bbox 52 1333 136 1360; x_wconf 83' lang='lat' dir='ltr'><em>tunc</em></span> <span class='ocrx_word' id='word_1_179' title='bbox 147 1326 185 1360; x_wconf 87' lang='lat' dir='ltr'><em>in</em></span> <span class='ocrx_word' id='word_1_180' title='bbox 192 1322 388 1373; x_wconf 75' lang='lat' dir='ltr'><em>principali</em></span> <span class='ocrx_word' id='word_1_181' title='bbox 401 1323 536 1374; x_wconf 82' lang='lat' dir='ltr'><em>negotio</em></span> <span class='ocrx_word' id='word_1_182' title='bbox 544 1321 736 1370; x_wconf 73' lang='lat' dir='ltr'><em>procedere</em></span> <span class='ocrx_word' id='word_1_183' title='bbox 748 1329 814 1357; x_wconf 89' lang='lat' dir='ltr'><em>non</em></span> <span class='ocrx_word' id='word_1_184' title='bbox 826 1321 969 1360; x_wconf 75' lang='lat' dir='ltr'><em>omittat</em></span> <span class='ocrx_word' id='word_1_185' title='bbox 985 1346 992 1355; x_wconf 92' lang='lat'><strong>.</strong></span> <span class='ocrx_word' id='word_1_186' title='bbox 1002 1332 1088 1361; x_wconf 67' lang='lat' dir='ltr'><em>can,</em></span> 
     </span>
     <span class='ocr_line' id='line_1_35' title="bbox 43 1371 548 1420; baseline -0.01 -7"><span class='ocrx_word' id='word_1_187' title='bbox 43 1373 230 1420; x_wconf 77' lang='lat' dir='ltr'><em>..legitima</em></span> <span class='ocrx_word' id='word_1_188' title='bbox 245 1373 406 1413; x_wconf 73' lang='lat' dir='ltr'><em>eod-sit.</em></span> <span class='ocrx_word' id='word_1_189' title='bbox 541 1371 548 1375; x_wconf 84' lang='lat'><em>&#39;</em></span> 
     </span>
    </p>

    <p class='ocr_par' dir='ltr' id='par_1_19' title="bbox 47 1418 1089 1625">
     <span class='ocr_line' id='line_1_36' title="bbox 68 1418 1088 1472; baseline -0.007 -13"><span class='ocrx_word' id='word_1_190' title='bbox 68 1425 196 1470; x_wconf 79' lang='lat' dir='ltr'><em>·9.Pro</em></span> <span class='ocrx_word' id='word_1_191' title='bbox 208 1422 356 1462; x_wconf 80' lang='lat' dir='ltr'><em>humani</em></span> <span class='ocrx_word' id='word_1_192' title='bbox 366 1421 606 1472; x_wconf 79' lang='lat' dir='ltr'><em>redemptione</em></span> <span class='ocrx_word' id='word_1_193' title='bbox 612 1423 756 1470; x_wconf 85' lang='lat' dir='ltr'><em>generis</em></span> <span class='ocrx_word' id='word_1_194' title='bbox 768 1420 817 1462; x_wconf 82' lang='lat' dir='ltr'><em>cle</em></span> <span class='ocrx_word' id='word_1_195' title='bbox 830 1420 978 1466; x_wconf 83' lang='lat' dir='ltr'><em>summis</em></span> <span class='ocrx_word' id='word_1_196' title='bbox 989 1418 1088 1458; x_wconf 77' lang='lat' dir='ltr'><em>eoelo..</em></span> 
     </span>
     <span class='ocr_line' id='line_1_37' title="bbox 51 1469 1089 1519; baseline -0.001 -10"><span class='ocrx_word' id='word_1_197' title='bbox 51 1485 132 1510; x_wconf 85' lang='lat' dir='ltr'><em>rum</em></span> <span class='ocrx_word' id='word_1_198' title='bbox 145 1473 200 1511; x_wconf 83' lang='lat' dir='ltr'><em>ad</em></span> <span class='ocrx_word' id='word_1_199' title='bbox 220 1475 295 1513; x_wconf 80' lang='lat' dir='ltr'><em>ima</em></span> <span class='ocrx_word' id='word_1_200' title='bbox 309 1472 434 1510; x_wconf 85' lang='lat' dir='ltr'><em>mundi</em></span> <span class='ocrx_word' id='word_1_201' title='bbox 454 1472 700 1519; x_wconf 85' lang='lat' dir='ltr'><em>descendens,</em></span> <span class='ocrx_word' id='word_1_202' title='bbox 727 1473 767 1515; x_wconf 72' lang='lat'><em>(¹5</em></span> <span class='ocrx_word' id='word_1_203' title='bbox 785 1480 926 1507; x_wconf 85' lang='lat' dir='ltr'><em>mortem</em></span> <span class='ocrx_word' id='word_1_204' title='bbox 940 1469 1089 1508; x_wconf 83' lang='lat' dir='ltr'><em>tandem</em></span> 
     </span>
     <span class='ocr_line' id='line_1_38' title="bbox 47 1517 1087 1572; baseline -0.004 -12"><span class='ocrx_word' id='word_1_205' title='bbox 47 1521 194 1570; x_wconf 81' lang='lat' dir='ltr'><em>subiens</em></span> <span class='ocrx_word' id='word_1_206' title='bbox 213 1522 444 1572; x_wconf 76' lang='lat' dir='ltr'><em>temporalem</em></span> <span class='ocrx_word' id='word_1_207' title='bbox 465 1521 579 1562; x_wconf 87' lang='lat' dir='ltr'><em>DEI</em></span> <span class='ocrx_word' id='word_1_208' title='bbox 601 1520 639 1561; x_wconf 84' lang='lat' dir='ltr'><strong><em>F</em></strong></span> <span class='ocrx_word' id='word_1_209' title='bbox 640 1521 728 1562; x_wconf 80' lang='lat' dir='ltr'><em>ilius</em></span> <span class='ocrx_word' id='word_1_210' title='bbox 750 1519 883 1570; x_wconf 77' lang='lat' dir='ltr'><em>JEsus</em></span> <span class='ocrx_word' id='word_1_211' title='bbox 895 1521 930 1558; x_wconf 83' lang='lat' dir='ltr'><strong><em>C</em></strong></span> <span class='ocrx_word' id='word_1_212' title='bbox 933 1517 1060 1564; x_wconf 70' lang='lat' dir='ltr'><em>hristus</em></span> <span class='ocrx_word' id='word_1_213' title='bbox 1073 1544 1087 1565; x_wconf 90' lang='lat'><strong>,</strong></span> 
     </span>
     <span class='ocr_line' id='line_1_39' title="bbox 51 1569 1089 1625; baseline -0.004 -15"><span class='ocrx_word' id='word_1_214' title='bbox 51 1586 96 1610; x_wconf 84' lang='lat' dir='ltr'><em>ne</em></span> <span class='ocrx_word' id='word_1_215' title='bbox 114 1585 257 1621; x_wconf 83' lang='lat' dir='ltr'><em>gregem</em></span> <span class='ocrx_word' id='word_1_216' title='bbox 271 1573 333 1625; x_wconf 82' lang='lat' dir='ltr'><em>sui</em></span> <span class='ocrx_word' id='word_1_217' title='bbox 354 1575 468 1622; x_wconf 86' lang='lat' dir='ltr'><em>pretio</em></span> <span class='ocrx_word' id='word_1_218' title='bbox 482 1571 672 1620; x_wconf 82' lang='lat' dir='ltr'><em>Sanguinis</em></span> <span class='ocrx_word' id='word_1_219' title='bbox 697 1570 835 1621; x_wconf 83' lang='lat' dir='ltr'><em>gloriofi</em></span> <span class='ocrx_word' id='word_1_220' title='bbox 864 1569 1089 1617; x_wconf 84' lang='lat' dir='ltr'><em>redemptum</em></span> 
     </span>
    </p>
   </div>
   <div class='ocr_carea' id='block_1_12' title="bbox 49 1619 1124 1672">
    <p class='ocr_par' dir='ltr' id='par_1_20' title="bbox 49 1619 1124 1672">
     <span class='ocr_line' id='line_1_40' title="bbox 49 1619 1124 1672; baseline -0.005 -10"><span class='ocrx_word' id='word_1_221' title='bbox 49 1621 261 1671; x_wconf 68' lang='lat' dir='ltr'><em>ascensurus</em></span> <span class='ocrx_word' id='word_1_222' title='bbox 279 1622 356 1672; x_wconf 76' lang='lat' dir='ltr'><em>posi</em></span> <span class='ocrx_word' id='word_1_223' title='bbox 374 1621 662 1672; x_wconf 67' lang='lat' dir='ltr'><em>resurr-cilionem</em></span> <span class='ocrx_word' id='word_1_224' title='bbox 693 1622 751 1660; x_wconf 85' lang='lat' dir='ltr'><em>ad</em></span> <span class='ocrx_word' id='word_1_225' title='bbox 772 1623 922 1661; x_wconf 87' lang='lat' dir='ltr'><em>Patrem</em></span> <span class='ocrx_word' id='word_1_226' title='bbox 952 1619 1087 1668; x_wconf 80' lang='lat' dir='ltr'><em>absque</em></span> <span class='ocrx_word' id='word_1_227' title='bbox 1121 1632 1124 1637; x_wconf 83' lang='grc'><strong><em>’</em></strong></span> 
     </span>
    </p>
   </div>
   <div class='ocr_carea' id='block_1_13' title="bbox 40 1668 1090 2219">
    <p class='ocr_par' dir='ltr' id='par_1_21' title="bbox 40 1668 1090 2219">
     <span class='ocr_line' id='line_1_41' title="bbox 48 1668 1088 1722; baseline -0.004 -12"><span class='ocrx_word' id='word_1_228' title='bbox 48 1671 190 1722; x_wconf 74' lang='lat' dir='ltr'><em>pastore</em></span> <span class='ocrx_word' id='word_1_229' title='bbox 205 1671 383 1720; x_wconf 81' lang='lat' dir='ltr'><em>desereret</em></span> <span class='ocrx_word' id='word_1_230' title='bbox 396 1700 409 1720; x_wconf 91' lang='lat'>‚</span> <span class='ocrx_word' id='word_1_231' title='bbox 435 1671 544 1722; x_wconf 82' lang='lat' dir='ltr'><em>ipsius</em></span> <span class='ocrx_word' id='word_1_232' title='bbox 558 1685 684 1710; x_wconf 86' lang='lat' dir='ltr'><em>curam</em></span> <span class='ocrx_word' id='word_1_233' title='bbox 703 1671 807 1711; x_wconf 85' lang='lat' dir='ltr'><em>beato</em></span> <span class='ocrx_word' id='word_1_234' title='bbox 825 1673 933 1708; x_wconf 88' lang='lat' dir='ltr'><em>Petro</em></span> <span class='ocrx_word' id='word_1_235' title='bbox 945 1668 1088 1718; x_wconf 76' lang='lat' dir='ltr'><em>Aposto-</em></span> 
     </span>
     <span class='ocr_line' id='line_1_42' title="bbox 52 1718 1089 1770; baseline -0.002 -11"><span class='ocrx_word' id='word_1_236' title='bbox 52 1723 87 1759; x_wconf 90' lang='lat' dir='ltr'><em>lo</em></span> <span class='ocrx_word' id='word_1_237' title='bbox 100 1723 117 1769; x_wconf 94' lang='lat'>(</span> <span class='ocrx_word' id='word_1_238' title='bbox 128 1736 165 1760; x_wconf 85' lang='lat' dir='ltr'><em>ut</em></span> <span class='ocrx_word' id='word_1_239' title='bbox 177 1725 250 1769; x_wconf 79' lang='lat' dir='ltr'><em>Juae</em></span> <span class='ocrx_word' id='word_1_240' title='bbox 260 1722 462 1768; x_wconf 72' lang='lat' dir='ltr'><em>stabilitate</em></span> <span class='ocrx_word' id='word_1_241' title='bbox 471 1721 569 1770; x_wconf 82' lang='lat' dir='ltr'><em>fidei</em></span> <span class='ocrx_word' id='word_1_242' title='bbox 580 1733 723 1762; x_wconf 86' lang='lat' dir='ltr'><em>caeteros</em></span> <span class='ocrx_word' id='word_1_243' title='bbox 735 1726 774 1760; x_wconf 86' lang='lat' dir='ltr'><em>in</em></span> <span class='ocrx_word' id='word_1_244' title='bbox 784 1719 992 1763; x_wconf 72' lang='lat' dir='ltr'><em>Christiana</em></span> <span class='ocrx_word' id='word_1_245' title='bbox 1006 1718 1072 1757; x_wconf 80' lang='lat' dir='ltr'><em>reli</em></span> <span class='ocrx_word' id='word_1_246' title='bbox 1075 1741 1089 1750; x_wconf 89' lang='lat'><strong>·</strong></span> 
     </span>
     <span class='ocr_line' id='line_1_43' title="bbox 40 1767 1088 1824; baseline -0.003 -15"><span class='ocrx_word' id='word_1_247' title='bbox 40 1777 150 1824; x_wconf 70' lang='lat' dir='ltr'><em>gione</em></span> <span class='ocrx_word' id='word_1_248' title='bbox 169 1771 360 1822; x_wconf 81' lang='lat' dir='ltr'><em>firmaret,</em></span> <span class='ocrx_word' id='word_1_249' title='bbox 387 1786 569 1823; x_wconf 85' lang='lat' dir='ltr'><em>eorumque</em></span> <span class='ocrx_word' id='word_1_250' title='bbox 594 1783 726 1811; x_wconf 84' lang='lat' dir='ltr'><em>mentes</em></span> <span class='ocrx_word' id='word_1_251' title='bbox 748 1772 802 1808; x_wconf 86' lang='lat' dir='ltr'><em>ad</em></span> <span class='ocrx_word' id='word_1_252' title='bbox 822 1767 956 1818; x_wconf 80' lang='lat' dir='ltr'><em>salutis</em></span> <span class='ocrx_word' id='word_1_253' title='bbox 982 1779 1088 1818; x_wconf 84' lang='lat' dir='ltr'><em>opera</em></span> 
     </span>
     <span class='ocr_line' id='line_1_44' title="bbox 44 1819 1086 1873; baseline -0.003 -13"><span class='ocrx_word' id='word_1_254' title='bbox 44 1822 124 1873; x_wconf 67' lang='grc' dir='ltr'><em>[ιιι</em></span> <span class='ocrx_word' id='word_1_255' title='bbox 147 1823 357 1864; x_wconf 80' lang='lat' dir='ltr'><em>accenderet</em></span> <span class='ocrx_word' id='word_1_256' title='bbox 380 1824 580 1860; x_wconf 86' lang='lat' dir='ltr'><em>devotionis</em></span> <span class='ocrx_word' id='word_1_257' title='bbox 601 1822 759 1868; x_wconf 80' lang='lat' dir='ltr'><em>ardore)</em></span> <span class='ocrx_word' id='word_1_258' title='bbox 779 1819 966 1863; x_wconf 81' lang='lat' dir='ltr'><em>commisit:</em></span> <span class='ocrx_word' id='word_1_259' title='bbox 993 1819 1086 1857; x_wconf 85' lang='lat' dir='ltr'><em>unde</em></span> 
     </span>
     <span class='ocr_line' id='line_1_45' title="bbox 49 1869 1087 1921; baseline -0.003 -12"><span class='ocrx_word' id='word_1_260' title='bbox 49 1887 116 1909; x_wconf 76' lang='lat' dir='ltr'><em>nos</em></span> <span class='ocrx_word' id='word_1_261' title='bbox 141 1873 302 1920; x_wconf 69' lang='lat' dir='ltr'><em>ejusdem</em></span> <span class='ocrx_word' id='word_1_262' title='bbox 322 1873 483 1921; x_wconf 69' lang='lat' dir='ltr'><em>Apostoli</em></span> <span class='ocrx_word' id='word_1_263' title='bbox 506 1873 624 1919; x_wconf 65' lang='lat' dir='ltr'><em>effetffi</em></span> <span class='ocrx_word' id='word_1_264' title='bbox 645 1899 658 1919; x_wconf 90' lang='lat'>‚</span> <span class='ocrx_word' id='word_1_265' title='bbox 699 1869 904 1920; x_wconf 81' lang='lat' dir='ltr'><em>disponente</em></span> <span class='ocrx_word' id='word_1_266' title='bbox 933 1871 1087 1907; x_wconf 89' lang='lat' dir='ltr'><em>Domino</em></span> 
     </span>
     <span class='ocr_line' id='line_1_46' title="bbox 53 1919 1088 1971; baseline -0.002 -12"><span class='ocrx_word' id='word_1_267' title='bbox 53 1922 74 1966; x_wconf 84' lang='grc'>(</span> <span class='ocrx_word' id='word_1_268' title='bbox 86 1922 168 1960; x_wconf 84' lang='lat' dir='ltr'><em>licet</em></span> <span class='ocrx_word' id='word_1_269' title='bbox 182 1924 350 1962; x_wconf 84' lang='lat' dir='ltr'><em>immeriti</em></span> <span class='ocrx_word' id='word_1_270' title='bbox 362 1926 378 1970; x_wconf 93' lang='lat'><em>)</em></span> <span class='ocrx_word' id='word_1_271' title='bbox 398 1922 605 1971; x_wconf 81' lang='lat' dir='ltr'><em>succeffores</em></span> <span class='ocrx_word' id='word_1_272' title='bbox 616 1950 628 1969; x_wconf 93' lang='lat'><em>‚</em></span> <span class='ocrx_word' id='word_1_273' title='bbox 655 1925 694 1965; x_wconf 62' lang='grc' dir='ltr'><em>(ς’</em></span> <span class='ocrx_word' id='word_1_274' title='bbox 708 1922 810 1971; x_wconf 82' lang='lat' dir='ltr'><em>ipsius</em></span> <span class='ocrx_word' id='word_1_275' title='bbox 830 1921 866 1958; x_wconf 89' lang='lat' dir='ltr'><strong><em>R</em></strong></span> <span class='ocrx_word' id='word_1_276' title='bbox 872 1919 1088 1971; x_wconf 77' lang='lat' dir='ltr'><em>edemptoris·</em></span> 
     </span>
     <span class='ocr_line' id='line_1_47' title="bbox 52 1972 1090 2021; baseline -0.003 -13"><span class='ocrx_word' id='word_1_277' title='bbox 52 1973 164 2010; x_wconf 88' lang='lat' dir='ltr'><em>locum</em></span> <span class='ocrx_word' id='word_1_278' title='bbox 179 1974 214 2007; x_wconf 85' lang='lat' dir='ltr'><em>in</em></span> <span class='ocrx_word' id='word_1_279' title='bbox 228 1974 331 2009; x_wconf 83' lang='lat' dir='ltr'><em>terris</em></span> <span class='ocrx_word' id='word_1_280' title='bbox 343 1998 355 2016; x_wconf 92' lang='lat'>‚</span> <span class='ocrx_word' id='word_1_281' title='bbox 381 1986 600 2021; x_wconf 73' lang='lat' dir='ltr'><em>quamquam</em></span> <span class='ocrx_word' id='word_1_282' title='bbox 613 1973 757 2018; x_wconf 64' lang='lat' dir='ltr'><em>indigne</em></span> <span class='ocrx_word' id='word_1_283' title='bbox 769 1997 781 2016; x_wconf 91' lang='lat'>‚</span> <span class='ocrx_word' id='word_1_284' title='bbox 807 1981 967 2008; x_wconf 82' lang='lat' dir='ltr'><em>tenentes</em></span> <span class='ocrx_word' id='word_1_285' title='bbox 982 1996 993 2014; x_wconf 93' lang='lat'>‚</span> <span class='ocrx_word' id='word_1_286' title='bbox 1019 1972 1090 2005; x_wconf 82' lang='lat' dir='ltr'><em>cir-</em></span> 
     </span>
     <span class='ocr_line' id='line_1_48' title="bbox 51 2018 1089 2070; baseline -0.008 -11"><span class='ocrx_word' id='word_1_287' title='bbox 51 2036 98 2059; x_wconf 88' lang='lat' dir='ltr'><em>ca</em></span> <span class='ocrx_word' id='word_1_288' title='bbox 106 2025 226 2070; x_wconf 80' lang='lat' dir='ltr'><em>gregis</em></span> <span class='ocrx_word' id='word_1_289' title='bbox 238 2018 397 2068; x_wconf 81' lang='lat' dir='ltr'><em>ejusdem</em></span> <span class='ocrx_word' id='word_1_290' title='bbox 418 2020 610 2064; x_wconf 73' lang='lat' dir='ltr'><em>custodiam</em></span> <span class='ocrx_word' id='word_1_291' title='bbox 633 2020 795 2068; x_wconf 73' lang='lat' dir='ltr'><em>sollicitis</em></span> <span class='ocrx_word' id='word_1_292' title='bbox 814 2021 974 2056; x_wconf 80' lang='lat' dir='ltr'><em>excitati</em></span> <span class='ocrx_word' id='word_1_293' title='bbox 998 2021 1089 2064; x_wconf 78' lang='lat' dir='ltr'><em>vigi.</em></span> 
     </span>
     <span class='ocr_line' id='line_1_49' title="bbox 51 2070 1087 2117; baseline -0.007 -8"><span class='ocrx_word' id='word_1_294' title='bbox 51 2072 115 2109; x_wconf 88' lang='lat' dir='ltr'><em>liis</em></span> <span class='ocrx_word' id='word_1_295' title='bbox 128 2099 139 2117; x_wconf 90' lang='lat'>,</span> <span class='ocrx_word' id='word_1_296' title='bbox 167 2074 206 2113; x_wconf 62' lang='grc' dir='ltr'><em>ὡ*</em></span> <span class='ocrx_word' id='word_1_297' title='bbox 221 2084 421 2110; x_wconf 77' lang='lat' dir='ltr'><em>ammarum</em></span> <span class='ocrx_word' id='word_1_298' title='bbox 432 2077 449 2116; x_wconf 76' lang='lat'><strong><em>1</em></strong></span> <span class='ocrx_word' id='word_1_299' title='bbox 456 2070 548 2108; x_wconf 86' lang='lat' dir='ltr'><em>aluti</em></span> <span class='ocrx_word' id='word_1_300' title='bbox 554 2071 648 2116; x_wconf 83' lang='lat' dir='ltr'><em>jugis</em></span> <span class='ocrx_word' id='word_1_301' title='bbox 660 2071 856 2106; x_wconf 78' lang='lat' dir='ltr'><em>attentione</em></span> <span class='ocrx_word' id='word_1_302' title='bbox 869 2070 1087 2113; x_wconf 82' lang='lat' dir='ltr'><em>cogitationis</em></span> 
     </span>
     <span class='ocr_line' id='line_1_50' title="bbox 53 2116 1089 2169; baseline -0.011 -9"><span class='ocrx_word' id='word_1_303' title='bbox 53 2121 262 2166; x_wconf 80' lang='lat' dir='ltr'><em>intendere,</em></span> <span class='ocrx_word' id='word_1_304' title='bbox 281 2118 531 2169; x_wconf 80' lang='lat' dir='ltr'><em>summovendo</em></span> <span class='ocrx_word' id='word_1_305' title='bbox 555 2121 687 2165; x_wconf 77' lang='lat' dir='ltr'><em>noxia,</em></span> <span class='ocrx_word' id='word_1_306' title='bbox 713 2118 902 2164; x_wconf 71' lang='lat' dir='ltr'><em>&amp;agendo</em></span> <span class='ocrx_word' id='word_1_307' title='bbox 923 2116 1089 2165; x_wconf 75' lang='lat' dir='ltr'><em>profatu.</em></span> 
     </span>
     <span class='ocr_line' id='line_1_51' title="bbox 53 2165 1088 2219; baseline -0.007 -10"><span class='ocrx_word' id='word_1_308' title='bbox 53 2185 100 2210; x_wconf 86' lang='lat' dir='ltr'><em>ra</em></span> <span class='ocrx_word' id='word_1_309' title='bbox 123 2171 293 2209; x_wconf 84' lang='lat' dir='ltr'><em>debemus</em></span> <span class='ocrx_word' id='word_1_310' title='bbox 303 2185 322 2219; x_wconf 88' lang='lat'><em>;</em></span> <span class='ocrx_word' id='word_1_311' title='bbox 360 2181 398 2207; x_wconf 84' lang='lat' dir='ltr'><em>ut</em></span> <span class='ocrx_word' id='word_1_312' title='bbox 425 2171 548 2216; x_wconf 82' lang='lat' dir='ltr'><em>excuff</em></span> <span class='ocrx_word' id='word_1_313' title='bbox 543 2184 560 2206; x_wconf 89' lang='grc' dir='ltr'><em>ο</em></span> <span class='ocrx_word' id='word_1_314' title='bbox 573 2171 601 2207; x_wconf 83' lang='grc' dir='ltr'><em>ὰ</em></span> <span class='ocrx_word' id='word_1_315' title='bbox 615 2169 708 2206; x_wconf 86' lang='lat' dir='ltr'><em>nobis</em></span> <span class='ocrx_word' id='word_1_316' title='bbox 722 2168 939 2216; x_wconf 67' lang='lat' dir='ltr'><em>negligentia</em></span> <span class='ocrx_word' id='word_1_317' title='bbox 948 2165 1065 2212; x_wconf 86' lang='lat' dir='ltr'><em>somno</em></span> <span class='ocrx_word' id='word_1_318' title='bbox 1075 2191 1088 2211; x_wconf 88' lang='lat'><em>,</em></span> 
     </span>
    </p>
   </div>
   <div class='ocr_carea' id='block_1_14' title="bbox 53 2216 1125 2271">
    <p class='ocr_par' dir='ltr' id='par_1_22' title="bbox 53 2216 1125 2271">
     <span class='ocr_line' id='line_1_52' title="bbox 53 2216 1125 2271; baseline -0.008 -10"><span class='ocrx_word' id='word_1_319' title='bbox 53 2220 226 2271; x_wconf 78' lang='lat' dir='ltr'><em>nostrique</em></span> <span class='ocrx_word' id='word_1_320' title='bbox 237 2220 357 2258; x_wconf 84' lang='lat' dir='ltr'><em>cordis</em></span> <span class='ocrx_word' id='word_1_321' title='bbox 371 2220 480 2259; x_wconf 85' lang='lat' dir='ltr'><em>oeulis</em></span> <span class='ocrx_word' id='word_1_322' title='bbox 492 2220 684 2265; x_wconf 70' lang='lat' dir='ltr'><em>diligentia</em></span> <span class='ocrx_word' id='word_1_323' title='bbox 692 2217 827 2264; x_wconf 85' lang='lat' dir='ltr'><em>sedula</em></span> <span class='ocrx_word' id='word_1_324' title='bbox 835 2216 1088 2264; x_wconf 79' lang='lat' dir='ltr'><em>vigilantibus,</em></span> <span class='ocrx_word' id='word_1_325' title='bbox 1121 2231 1125 2235; x_wconf 68' lang='lat'>¹</span> 
     </span>
    </p>
   </div>
   <div class='ocr_carea' id='block_1_15' title="bbox 46 2266 1088 3663">
    <p class='ocr_par' dir='ltr' id='par_1_23' title="bbox 46 2266 1088 3663">
     <span class='ocr_line' id='line_1_53' title="bbox 55 2266 1088 2316; baseline -0.007 -7"><span class='ocrx_word' id='word_1_326' title='bbox 55 2277 196 2309; x_wconf 88' lang='lat' dir='ltr'><em>animas</em></span> <span class='ocrx_word' id='word_1_327' title='bbox 212 2271 296 2310; x_wconf 82' lang='lat' dir='ltr'><em>Deo</em></span> <span class='ocrx_word' id='word_1_328' title='bbox 310 2268 523 2316; x_wconf 85' lang='lat' dir='ltr'><em>lucrifacere</em></span> <span class='ocrx_word' id='word_1_329' title='bbox 544 2267 615 2314; x_wconf 86' lang='lat' dir='ltr'><em>sua</em></span> <span class='ocrx_word' id='word_1_330' title='bbox 627 2266 726 2305; x_wconf 86' lang='lat' dir='ltr'><em>nobis</em></span> <span class='ocrx_word' id='word_1_331' title='bbox 740 2277 944 2314; x_wconf 76' lang='lat' dir='ltr'><em>cooperante</em></span> <span class='ocrx_word' id='word_1_332' title='bbox 957 2268 1088 2313; x_wconf 78' lang='lat' dir='ltr'><em>gratia</em></span> 
     </span>
     <span class='ocr_line' id='line_1_54' title="bbox 46 2315 1088 2366; baseline -0.01 -7"><span class='ocrx_word' id='word_1_333' title='bbox 46 2323 263 2360; x_wconf 74' lang='lat' dir='ltr'><em>valeamus.</em></span> <span class='ocrx_word' id='word_1_334' title='bbox 294 2316 390 2358; x_wconf 70' lang='lat' dir='ltr'><em>Cam</em></span> <span class='ocrx_word' id='word_1_335' title='bbox 405 2320 511 2366; x_wconf 83' lang='lat' dir='ltr'><em>igitur</em></span> <span class='ocrx_word' id='word_1_336' title='bbox 524 2318 604 2362; x_wconf 81' lang='lat' dir='ltr'><em>illi,</em></span> <span class='ocrx_word' id='word_1_337' title='bbox 629 2319 690 2363; x_wconf 86' lang='lat' dir='ltr'><em>qui</em></span> <span class='ocrx_word' id='word_1_338' title='bbox 708 2315 759 2362; x_wconf 86' lang='lat' dir='ltr'><em>sic</em></span> <span class='ocrx_word' id='word_1_339' title='bbox 784 2315 962 2354; x_wconf 79' lang='lat' dir='ltr'><em>horrenda</em></span> <span class='ocrx_word' id='word_1_340' title='bbox 985 2315 1088 2350; x_wconf 86' lang='lat' dir='ltr'><em>inhu-</em></span> 
     </span>
     <span class='ocr_line' id='line_1_55' title="bbox 47 2362 1088 2418; baseline -0.013 -8"><span class='ocrx_word' id='word_1_341' title='bbox 47 2375 232 2410; x_wconf 58' lang='lat' dir='ltr'><em>amanitate</em></span> <span class='ocrx_word' id='word_1_342' title='bbox 245 2366 528 2418; x_wconf 69' lang='lat' dir='ltr'><em>detestandaque</em></span> <span class='ocrx_word' id='word_1_343' title='bbox 537 2366 688 2415; x_wconf 83' lang='lat' dir='ltr'><em>saevitia</em></span> <span class='ocrx_word' id='word_1_344' title='bbox 701 2377 844 2405; x_wconf 88' lang='lat' dir='ltr'><em>mortem</em></span> <span class='ocrx_word' id='word_1_345' title='bbox 863 2362 984 2408; x_wconf 78' lang='lat' dir='ltr'><em>litiunt</em></span> <span class='ocrx_word' id='word_1_346' title='bbox 999 2363 1088 2399; x_wconf 82' lang='lat' dir='ltr'><em>alio.</em></span> 
     </span>
     <span class='ocr_line' id='line_1_56' title="bbox 47 2411 1086 2467; baseline -0.012 -7"><span class='ocrx_word' id='word_1_347' title='bbox 47 2435 157 2467; x_wconf 76' lang='lat' dir='ltr'><em>:rum,</em></span> <span class='ocrx_word' id='word_1_348' title='bbox 183 2430 221 2458; x_wconf 90' lang='lat' dir='ltr'><em>ut</em></span> <span class='ocrx_word' id='word_1_349' title='bbox 238 2417 329 2467; x_wconf 84' lang='lat' dir='ltr'><em>ipsos</em></span> <span class='ocrx_word' id='word_1_350' title='bbox 349 2417 495 2464; x_wconf 77' lang='lat' dir='ltr'><em>saciant</em></span> <span class='ocrx_word' id='word_1_351' title='bbox 507 2428 574 2467; x_wconf 86' lang='lat' dir='ltr'><em>per</em></span> <span class='ocrx_word' id='word_1_352' title='bbox 587 2415 762 2462; x_wconf 83' lang='lat' dir='ltr'><em>affaffinos</em></span> <span class='ocrx_word' id='word_1_353' title='bbox 784 2414 922 2458; x_wconf 86' lang='lat' dir='ltr'><em>occidi,</em></span> <span class='ocrx_word' id='word_1_354' title='bbox 947 2427 1012 2450; x_wconf 91' lang='lat' dir='ltr'><em>non</em></span> <span class='ocrx_word' id='word_1_355' title='bbox 1032 2411 1086 2459; x_wconf 75' lang='lat' dir='ltr'><em>so-</em></span> 
     </span>
     <span class='ocr_line' id='line_1_57' title="bbox 47 2465 1086 2518; baseline -0.013 -8"><span class='ocrx_word' id='word_1_356' title='bbox 47 2470 128 2510; x_wconf 66' lang='lat' dir='ltr'><em>³lcim</em></span> <span class='ocrx_word' id='word_1_357' title='bbox 141 2481 320 2518; x_wconf 82' lang='lat' dir='ltr'><em>corporum</em></span> <span class='ocrx_word' id='word_1_358' title='bbox 332 2494 345 2515; x_wconf 90' lang='lat'><em>‚</em></span> <span class='ocrx_word' id='word_1_359' title='bbox 368 2465 396 2516; x_wconf 82' lang='lat' dir='ltr'><strong><em>s</em></strong></span> <span class='ocrx_word' id='word_1_360' title='bbox 390 2467 437 2505; x_wconf 88' lang='lat' dir='ltr'><em>ed</em></span> <span class='ocrx_word' id='word_1_361' title='bbox 459 2470 568 2504; x_wconf 89' lang='lat' dir='ltr'><em>etiam</em></span> <span class='ocrx_word' id='word_1_362' title='bbox 583 2478 726 2505; x_wconf 85' lang='lat' dir='ltr'><em>mortem</em></span> <span class='ocrx_word' id='word_1_363' title='bbox 744 2475 931 2514; x_wconf 79' lang='lat' dir='ltr'><em>procurent</em></span> <span class='ocrx_word' id='word_1_364' title='bbox 946 2465 1086 2499; x_wconf 79' lang='lat' dir='ltr'><em>anima-</em></span> 
     </span>
     <span class='ocr_line' id='line_1_58' title="bbox 47 2515 1085 2567; baseline -0.011 -8"><span class='ocrx_word' id='word_1_365' title='bbox 47 2535 131 2559; x_wconf 72' lang='lat' dir='ltr'><em>rum</em></span> <span class='ocrx_word' id='word_1_366' title='bbox 144 2546 156 2567; x_wconf 92' lang='lat'>,</span> <span class='ocrx_word' id='word_1_367' title='bbox 182 2519 246 2562; x_wconf 77' lang='lat' dir='ltr'><em>nisi</em></span> <span class='ocrx_word' id='word_1_368' title='bbox 261 2531 312 2555; x_wconf 84' lang='lat' dir='ltr'><em>eos</em></span> <span class='ocrx_word' id='word_1_369' title='bbox 331 2517 526 2555; x_wconf 79' lang='lat' dir='ltr'><em>exuberans</em></span> <span class='ocrx_word' id='word_1_370' title='bbox 535 2519 662 2565; x_wconf 86' lang='lat' dir='ltr'><em>gratia</em></span> <span class='ocrx_word' id='word_1_371' title='bbox 677 2517 822 2555; x_wconf 83' lang='lat' dir='ltr'><em>Divina</em></span> <span class='ocrx_word' id='word_1_372' title='bbox 842 2515 1056 2563; x_wconf 82' lang='lat' dir='ltr'><em>praevenerit</em></span> <span class='ocrx_word' id='word_1_373' title='bbox 1071 2537 1085 2559; x_wconf 90' lang='lat'><strong><em>,</em></strong></span> 
     </span>
     <span class='ocr_line' id='line_1_59' title="bbox 51 2566 1086 2617; baseline -0.01 -7"><span class='ocrx_word' id='word_1_374' title='bbox 51 2582 93 2610; x_wconf 84' lang='lat' dir='ltr'><em>ut</em></span> <span class='ocrx_word' id='word_1_375' title='bbox 104 2569 175 2617; x_wconf 79' lang='lat' dir='ltr'><em>fint</em></span> <span class='ocrx_word' id='word_1_376' title='bbox 188 2571 297 2607; x_wconf 78' lang='lat' dir='ltr'><em>armis</em></span> <span class='ocrx_word' id='word_1_377' title='bbox 315 2566 567 2616; x_wconf 77' lang='lat' dir='ltr'><em>spiritualibus</em></span> <span class='ocrx_word' id='word_1_378' title='bbox 581 2568 808 2616; x_wconf 75' lang='lat' dir='ltr'><em>praemuniti;</em></span> <span class='ocrx_word' id='word_1_379' title='bbox 833 2579 878 2602; x_wconf 88' lang='lat' dir='ltr'><em>ac</em></span> <span class='ocrx_word' id='word_1_380' title='bbox 901 2566 1004 2601; x_wconf 86' lang='lat' dir='ltr'><em>omnis</em></span> <span class='ocrx_word' id='word_1_381' title='bbox 1025 2574 1086 2610; x_wconf 87' lang='lat' dir='ltr'><em>po·</em></span> 
     </span>
     <span class='ocr_line' id='line_1_60' title="bbox 48 2614 1081 2666; baseline -0.012 -4"><span class='ocrx_word' id='word_1_382' title='bbox 48 2620 158 2666; x_wconf 72' lang='lat' dir='ltr'><em>tellas</em></span> <span class='ocrx_word' id='word_1_383' title='bbox 186 2619 366 2657; x_wconf 79' lang='lat' dir='ltr'><em>tribuatur</em></span> <span class='ocrx_word' id='word_1_384' title='bbox 389 2619 416 2657; x_wconf 75' lang='grc' dir='ltr'><em>ὰ</em></span> <span class='ocrx_word' id='word_1_385' title='bbox 441 2617 593 2658; x_wconf 83' lang='lat' dir='ltr'><em>Domino</em></span> <span class='ocrx_word' id='word_1_386' title='bbox 614 2615 668 2653; x_wconf 84' lang='lat' dir='ltr'><em>ad</em></span> <span class='ocrx_word' id='word_1_387' title='bbox 687 2614 864 2663; x_wconf 68' lang='lat' dir='ltr'><em>justitiam</em></span> <span class='ocrx_word' id='word_1_388' title='bbox 882 2614 1081 2660; x_wconf 64' lang='lat' dir='ltr'><em>rebiumque</em></span> 
     </span>
     <span class='ocr_line' id='line_1_61' title="bbox 48 2662 1085 2718; baseline -0.012 -9"><span class='ocrx_word' id='word_1_389' title='bbox 48 2671 226 2712; x_wconf 59' lang='lat' dir='ltr'><em>&gt;iudicium</em></span> <span class='ocrx_word' id='word_1_390' title='bbox 245 2666 479 2708; x_wconf 86' lang='lat' dir='ltr'><em>exercendum</em></span> <span class='ocrx_word' id='word_1_391' title='bbox 490 2681 508 2718; x_wconf 90' lang='lat'><em>;</em></span> <span class='ocrx_word' id='word_1_392' title='bbox 535 2668 614 2704; x_wconf 88' lang='lat' dir='ltr'><em>Nos</em></span> <span class='ocrx_word' id='word_1_393' title='bbox 635 2676 740 2704; x_wconf 88' lang='lat' dir='ltr'><em>tanto</em></span> <span class='ocrx_word' id='word_1_394' title='bbox 762 2664 914 2714; x_wconf 85' lang='lat' dir='ltr'><em>periculo</em></span> <span class='ocrx_word' id='word_1_395' title='bbox 928 2662 1085 2701; x_wconf 84' lang='lat' dir='ltr'><em>volentes</em></span> 
     </span>
     <span class='ocr_line' id='line_1_62' title="bbox 51 2711 1087 2769; baseline -0.013 -8"><span class='ocrx_word' id='word_1_396' title='bbox 51 2732 234 2769; x_wconf 80' lang='lat' dir='ltr'><em>occurrere</em></span> <span class='ocrx_word' id='word_1_397' title='bbox 259 2720 487 2762; x_wconf 64' lang='lat' dir='ltr'><em>ammarum,</em></span> <span class='ocrx_word' id='word_1_398' title='bbox 514 2718 554 2760; x_wconf 70' lang='lat'><em>(⁵⁵</em></span> <span class='ocrx_word' id='word_1_399' title='bbox 569 2728 646 2754; x_wconf 86' lang='lat' dir='ltr'><em>tam</em></span> <span class='ocrx_word' id='word_1_400' title='bbox 667 2715 833 2762; x_wconf 85' lang='lat' dir='ltr'><em>nefarias</em></span> <span class='ocrx_word' id='word_1_401' title='bbox 847 2711 1087 2764; x_wconf 65' lang='lat' dir='ltr'><em>presumptio·</em></span> 
     </span>
     <span class='ocr_line' id='line_1_63' title="bbox 53 2763 1085 2814; baseline -0.012 -4"><span class='ocrx_word' id='word_1_402' title='bbox 53 2785 111 2810; x_wconf 83' lang='lat' dir='ltr'><em>nes</em></span> <span class='ocrx_word' id='word_1_403' title='bbox 124 2766 374 2814; x_wconf 73' lang='lat' dir='ltr'><em>Ecclefiaslicae</em></span> <span class='ocrx_word' id='word_1_404' title='bbox 391 2764 712 2810; x_wconf 84' lang='lat' dir='ltr'><em>animadverfionis</em></span> <span class='ocrx_word' id='word_1_405' title='bbox 726 2778 880 2803; x_wconf 88' lang='lat' dir='ltr'><em>mucrone</em></span> <span class='ocrx_word' id='word_1_406' title='bbox 891 2763 1005 2810; x_wconf 80' lang='lat' dir='ltr'><em>ferire</em></span> <span class='ocrx_word' id='word_1_407' title='bbox 1019 2788 1030 2807; x_wconf 94' lang='lat'>,</span> <span class='ocrx_word' id='word_1_408' title='bbox 1046 2772 1085 2798; x_wconf 91' lang='lat' dir='ltr'><em>ut</em></span> 
     </span>
     <span class='ocr_line' id='line_1_64' title="bbox 54 2810 1084 2869; baseline -0.01 -9"><span class='ocrx_word' id='word_1_409' title='bbox 54 2832 165 2860; x_wconf 81' lang='lat' dir='ltr'><em>metus</em></span> <span class='ocrx_word' id='word_1_410' title='bbox 177 2831 282 2869; x_wconf 79' lang='lat' dir='ltr'><em>poenae</em></span> <span class='ocrx_word' id='word_1_411' title='bbox 307 2828 403 2855; x_wconf 87' lang='lat' dir='ltr'><em>meta</em></span> <span class='ocrx_word' id='word_1_412' title='bbox 415 2815 613 2864; x_wconf 83' lang='lat' dir='ltr'><em>huiusmodi</em></span> <span class='ocrx_word' id='word_1_413' title='bbox 632 2813 910 2864; x_wconf 81' lang='lat' dir='ltr'><em>praesumptionis</em></span> <span class='ocrx_word' id='word_1_414' title='bbox 925 2810 1054 2858; x_wconf 77' lang='lat' dir='ltr'><em>existat</em></span> <span class='ocrx_word' id='word_1_415' title='bbox 1071 2837 1084 2858; x_wconf 93' lang='lat'>,</span> 
     </span>
     <span class='ocr_line' id='line_1_65' title="bbox 51 2863 1086 2923; baseline -0.011 -15"><span class='ocrx_word' id='word_1_416' title='bbox 51 2869 251 2923; x_wconf 68' lang='lat' dir='ltr'><em>prasertim</em></span> <span class='ocrx_word' id='word_1_417' title='bbox 272 2865 352 2908; x_wconf 69' lang='lat' dir='ltr'><em>cum</em></span> <span class='ocrx_word' id='word_1_418' title='bbox 375 2866 529 2905; x_wconf 83' lang='lat' dir='ltr'><em>nonnulli</em></span> <span class='ocrx_word' id='word_1_419' title='bbox 560 2867 753 2913; x_wconf 85' lang='lat' dir='ltr'><em>Magnates</em></span> <span class='ocrx_word' id='word_1_420' title='bbox 780 2891 793 2912; x_wconf 88' lang='lat'>‚</span> <span class='ocrx_word' id='word_1_421' title='bbox 838 2863 962 2902; x_wconf 89' lang='lat' dir='ltr'><em>taliter</em></span> <span class='ocrx_word' id='word_1_422' title='bbox 991 2864 1086 2910; x_wconf 81' lang='lat' dir='ltr'><em>peri-</em></span> 
     </span>
     <span class='ocr_line' id='line_1_66' title="bbox 51 2912 1087 2968; baseline -0.011 -10"><span class='ocrx_word' id='word_1_423' title='bbox 51 2923 118 2961; x_wconf 77' lang='lat' dir='ltr'><em>mi·</em></span> <span class='ocrx_word' id='word_1_424' title='bbox 123 2918 366 2968; x_wconf 70' lang='lat' dir='ltr'><em>formidantes</em></span> <span class='ocrx_word' id='word_1_425' title='bbox 379 2943 392 2964; x_wconf 89' lang='lat'>,</span> <span class='ocrx_word' id='word_1_426' title='bbox 416 2917 530 2956; x_wconf 68' lang='lat' dir='ltr'><em>coabii</em></span> <span class='ocrx_word' id='word_1_427' title='bbox 545 2915 687 2964; x_wconf 82' lang='lat' dir='ltr'><em>fuerint</em></span> <span class='ocrx_word' id='word_1_428' title='bbox 713 2914 944 2962; x_wconf 82' lang='lat' dir='ltr'><em>securitatem</em></span> <span class='ocrx_word' id='word_1_429' title='bbox 972 2912 1017 2948; x_wconf 91' lang='lat' dir='ltr'><em>ab</em></span> <span class='ocrx_word' id='word_1_430' title='bbox 1033 2924 1087 2948; x_wconf 84' lang='lat' dir='ltr'><em>eo·</em></span> 
     </span>
     <span class='ocr_line' id='line_1_67' title="bbox 51 2960 1085 3017; baseline -0.013 -6"><span class='ocrx_word' id='word_1_431' title='bbox 51 2971 218 3012; x_wconf 63' lang='lat' dir='ltr'><em>eumdem</em></span> <span class='ocrx_word' id='word_1_432' title='bbox 254 2966 486 3017; x_wconf 80' lang='lat' dir='ltr'><em>affaffinorum</em></span> <span class='ocrx_word' id='word_1_433' title='bbox 501 2967 656 3004; x_wconf 85' lang='lat' dir='ltr'><em>Domino</em></span> <span class='ocrx_word' id='word_1_434' title='bbox 693 2969 884 3016; x_wconf 86' lang='lat' dir='ltr'><em>impetrare</em></span> <span class='ocrx_word' id='word_1_435' title='bbox 912 2989 924 3008; x_wconf 88' lang='lat'>‚</span> <span class='ocrx_word' id='word_1_436' title='bbox 967 2960 1085 3010; x_wconf 81' lang='lat' dir='ltr'><em>sicque</em></span> 
     </span>
     <span class='ocr_line' id='line_1_68' title="bbox 54 3014 1088 3068; baseline -0.011 -9"><span class='ocrx_word' id='word_1_437' title='bbox 54 3021 105 3059; x_wconf 85' lang='lat' dir='ltr'><em>ab</em></span> <span class='ocrx_word' id='word_1_438' title='bbox 148 3032 185 3059; x_wconf 82' lang='lat' dir='ltr'><em>eo</em></span> <span class='ocrx_word' id='word_1_439' title='bbox 222 3032 286 3057; x_wconf 80' lang='lat' dir='ltr'><em>non</em></span> <span class='ocrx_word' id='word_1_440' title='bbox 315 3015 445 3068; x_wconf 80' lang='lat' dir='ltr'><em>absque</em></span> <span class='ocrx_word' id='word_1_441' title='bbox 492 3014 704 3061; x_wconf 71' lang='lat' dir='ltr'><em>Christiana</em></span> <span class='ocrx_word' id='word_1_442' title='bbox 738 3016 930 3063; x_wconf 65' lang='lat' dir='ltr'><em>dignitatis·</em></span> <span class='ocrx_word' id='word_1_443' title='bbox 967 3021 1088 3060; x_wconf 83' lang='lat' dir='ltr'><em>oppro-</em></span> 
     </span>
     <span class='ocr_line' id='line_1_69' title="bbox 56 3061 1086 3116; baseline -0.014 -8"><span class='ocrx_word' id='word_1_444' title='bbox 56 3072 131 3108; x_wconf 83' lang='lat' dir='ltr'><em>brio</em></span> <span class='ocrx_word' id='word_1_445' title='bbox 143 3069 315 3107; x_wconf 82' lang='lat' dir='ltr'><em>redimere</em></span> <span class='ocrx_word' id='word_1_446' title='bbox 336 3066 595 3116; x_wconf 84' lang='lat' dir='ltr'><em>quodammodo</em></span> <span class='ocrx_word' id='word_1_447' title='bbox 617 3070 734 3106; x_wconf 83' lang='lat' dir='ltr'><em>vitam</em></span> <span class='ocrx_word' id='word_1_448' title='bbox 750 3064 854 3113; x_wconf 83' lang='lat' dir='ltr'><em>suam</em></span> <span class='ocrx_word' id='word_1_449' title='bbox 871 3078 888 3114; x_wconf 87' lang='lat'><em>,·</em></span> <span class='ocrx_word' id='word_1_450' title='bbox 907 3061 1007 3111; x_wconf 84' lang='lat' dir='ltr'><em>sacri</em></span> <span class='ocrx_word' id='word_1_451' title='bbox 1022 3071 1086 3108; x_wconf 78' lang='lat' dir='ltr'><em>ap.</em></span> 
     </span>
     <span class='ocr_line' id='line_1_70' title="bbox 52 3115 1086 3173; baseline -0.011 -15"><span class='ocrx_word' id='word_1_452' title='bbox 52 3121 255 3173; x_wconf 81' lang='lat' dir='ltr'><em>probatione</em></span> <span class='ocrx_word' id='word_1_453' title='bbox 264 3117 418 3158; x_wconf 74' lang='lat' dir='ltr'><em>concilii</em></span> <span class='ocrx_word' id='word_1_454' title='bbox 427 3116 631 3164; x_wconf 77' lang='lat' dir='ltr'><em>statuimus,</em></span> <span class='ocrx_word' id='word_1_455' title='bbox 640 3130 680 3158; x_wconf 86' lang='lat' dir='ltr'><em>ut</em></span> <span class='ocrx_word' id='word_1_456' title='bbox 694 3119 885 3166; x_wconf 74' lang='lat' dir='ltr'><em>quicunque</em></span> <span class='ocrx_word' id='word_1_457' title='bbox 900 3115 1086 3163; x_wconf 77' lang='lat' dir='ltr'><em>Princeps,</em></span> 
     </span>
     <span class='ocr_line' id='line_1_71' title="bbox 56 3163 1087 3220; baseline -0.013 -9"><span class='ocrx_word' id='word_1_458' title='bbox 56 3169 238 3211; x_wconf 81' lang='lat' dir='ltr'><em>Praelatus</em></span> <span class='ocrx_word' id='word_1_459' title='bbox 257 3194 270 3214; x_wconf 91' lang='lat'>,</span> <span class='ocrx_word' id='word_1_460' title='bbox 309 3167 369 3220; x_wconf 70' lang='lat' dir='ltr'><em>feu</em></span> <span class='ocrx_word' id='word_1_461' title='bbox 404 3170 541 3217; x_wconf 86' lang='lat' dir='ltr'><em>quaevis</em></span> <span class='ocrx_word' id='word_1_462' title='bbox 574 3167 653 3205; x_wconf 86' lang='lat' dir='ltr'><em>alia</em></span> <span class='ocrx_word' id='word_1_463' title='bbox 688 3164 936 3211; x_wconf 75' lang='lat' dir='ltr'><em>Ecclefiastica</em></span> <span class='ocrx_word' id='word_1_464' title='bbox 978 3163 1087 3211; x_wconf 84' lang='lat' dir='ltr'><em>saecu.</em></span> 
     </span>
     <span class='ocr_line' id='line_1_72' title="bbox 52 3216 1086 3271; baseline -0.013 -11"><span class='ocrx_word' id='word_1_465' title='bbox 52 3219 190 3268; x_wconf 80' lang='lat' dir='ltr'><em>larisve</em></span> <span class='ocrx_word' id='word_1_466' title='bbox 203 3216 349 3265; x_wconf 77' lang='lat' dir='ltr'><em>persona</em></span> <span class='ocrx_word' id='word_1_467' title='bbox 363 3244 374 3264; x_wconf 89' lang='lat'>‚</span> <span class='ocrx_word' id='word_1_468' title='bbox 401 3219 604 3271; x_wconf 83' lang='lat' dir='ltr'><em>quempiam</em></span> <span class='ocrx_word' id='word_1_469' title='bbox 620 3216 899 3262; x_wconf 75' lang='lat' dir='ltr'><em>Christianorum</em></span> <span class='ocrx_word' id='word_1_470' title='bbox 918 3224 985 3263; x_wconf 88' lang='lat' dir='ltr'><em>per</em></span> <span class='ocrx_word' id='word_1_471' title='bbox 995 3224 1086 3262; x_wconf 79' lang='lat' dir='ltr'><em>prae.</em></span> 
     </span>
     <span class='ocr_line' id='line_1_73' title="bbox 52 3263 1086 3317; baseline -0.013 -5"><span class='ocrx_word' id='word_1_472' title='bbox 52 3272 170 3312; x_wconf 62' lang='lat' dir='ltr'><em>dictos</em></span> <span class='ocrx_word' id='word_1_473' title='bbox 185 3267 244 3315; x_wconf 85' lang='lat' dir='ltr'><em>aff</em></span> <span class='ocrx_word' id='word_1_474' title='bbox 239 3265 358 3313; x_wconf 74' lang='lat' dir='ltr'><em>affines</em></span> <span class='ocrx_word' id='word_1_475' title='bbox 371 3267 524 3314; x_wconf 80' lang='lat' dir='ltr'><em>interfici</em></span> <span class='ocrx_word' id='word_1_476' title='bbox 542 3268 674 3317; x_wconf 83' lang='lat' dir='ltr'><em>fecerit</em></span> <span class='ocrx_word' id='word_1_477' title='bbox 688 3293 700 3313; x_wconf 89' lang='lat'>,</span> <span class='ocrx_word' id='word_1_478' title='bbox 726 3267 783 3303; x_wconf 80' lang='lat' dir='ltr'><em>vel</em></span> <span class='ocrx_word' id='word_1_479' title='bbox 799 3268 907 3304; x_wconf 86' lang='lat' dir='ltr'><em>etiam</em></span> <span class='ocrx_word' id='word_1_480' title='bbox 931 3263 1086 3300; x_wconf 88' lang='lat' dir='ltr'><em>manda-</em></span> 
     </span>
     <span class='ocr_line' id='line_1_74' title="bbox 53 3311 1086 3370; baseline -0.011 -10"><span class='ocrx_word' id='word_1_481' title='bbox 53 3325 171 3366; x_wconf 81' lang='lat' dir='ltr'><em>verit,</em></span> <span class='ocrx_word' id='word_1_482' title='bbox 199 3319 438 3370; x_wconf 79' lang='lat' dir='ltr'><em>(quamquam</em></span> <span class='ocrx_word' id='word_1_483' title='bbox 453 3331 547 3357; x_wconf 84' lang='lat' dir='ltr'><em>mors</em></span> <span class='ocrx_word' id='word_1_484' title='bbox 571 3332 616 3357; x_wconf 83' lang='lat' dir='ltr'><em>ex</em></span> <span class='ocrx_word' id='word_1_485' title='bbox 641 3319 701 3355; x_wconf 84' lang='lat' dir='ltr'><em>hoc</em></span> <span class='ocrx_word' id='word_1_486' title='bbox 717 3316 869 3366; x_wconf 83' lang='lat' dir='ltr'><em>forfitan</em></span> <span class='ocrx_word' id='word_1_487' title='bbox 883 3328 946 3351; x_wconf 88' lang='lat' dir='ltr'><em>non</em></span> <span class='ocrx_word' id='word_1_488' title='bbox 956 3311 1086 3362; x_wconf 76' lang='lat' dir='ltr'><em>sequa-</em></span> 
     </span>
     <span class='ocr_line' id='line_1_75' title="bbox 55 3362 1086 3420; baseline -0.009 -12"><span class='ocrx_word' id='word_1_489' title='bbox 55 3374 141 3420; x_wconf 78' lang='lat' dir='ltr'><em>tur)</em></span> <span class='ocrx_word' id='word_1_490' title='bbox 166 3379 231 3407; x_wconf 84' lang='lat' dir='ltr'><em>aut</em></span> <span class='ocrx_word' id='word_1_491' title='bbox 252 3380 306 3405; x_wconf 87' lang='lat' dir='ltr'><em>eos</em></span> <span class='ocrx_word' id='word_1_492' title='bbox 331 3371 596 3416; x_wconf 79' lang='lat' dir='ltr'><em>recepta-verit,</em></span> <span class='ocrx_word' id='word_1_493' title='bbox 623 3368 682 3405; x_wconf 83' lang='lat' dir='ltr'><em>vel</em></span> <span class='ocrx_word' id='word_1_494' title='bbox 705 3366 935 3417; x_wconf 75' lang='lat' dir='ltr'><em>defenderit,</em></span> <span class='ocrx_word' id='word_1_495' title='bbox 955 3362 1018 3410; x_wconf 85' lang='lat' dir='ltr'><em>seu</em></span> <span class='ocrx_word' id='word_1_496' title='bbox 1031 3376 1086 3400; x_wconf 87' lang='lat' dir='ltr'><em>oc-</em></span> 
     </span>
     <span class='ocr_line' id='line_1_76' title="bbox 53 3413 1085 3465; baseline -0.01 -5"><span class='ocrx_word' id='word_1_497' title='bbox 53 3420 274 3462; x_wconf 83' lang='lat' dir='ltr'><em>cultaverit,</em></span> <span class='ocrx_word' id='word_1_498' title='bbox 301 3421 667 3459; x_wconf 79' lang='lat' dir='ltr'><em>excommunicationis</em></span> <span class='ocrx_word' id='word_1_499' title='bbox 691 3419 731 3461; x_wconf 67' lang='lat'><em>(5</em></span> <span class='ocrx_word' id='word_1_500' title='bbox 755 3413 1085 3465; x_wconf 76' lang='lat' dir='ltr'><em>depositionisddi-</em></span> 
     </span>
     <span class='ocr_line' id='line_1_77' title="bbox 46 3463 1085 3522; baseline -0.008 -15"><span class='ocrx_word' id='word_1_501' title='bbox 46 3474 214 3522; x_wconf 76' lang='lat' dir='ltr'><em>gnitate,</em></span> <span class='ocrx_word' id='word_1_502' title='bbox 241 3467 362 3505; x_wconf 79' lang='lat' dir='ltr'><em>honore</em></span> <span class='ocrx_word' id='word_1_503' title='bbox 375 3493 387 3512; x_wconf 89' lang='lat'>,</span> <span class='ocrx_word' id='word_1_504' title='bbox 412 3467 578 3514; x_wconf 86' lang='lat' dir='ltr'><em>Ordine,</em></span> <span class='ocrx_word' id='word_1_505' title='bbox 605 3468 709 3513; x_wconf 84' lang='lat' dir='ltr'><em>officio</em></span> <span class='ocrx_word' id='word_1_506' title='bbox 727 3469 767 3511; x_wconf 67' lang='lat'><em>(5</em></span> <span class='ocrx_word' id='word_1_507' title='bbox 786 3463 946 3511; x_wconf 75' lang='lat' dir='ltr'><em>beneficio</em></span> <span class='ocrx_word' id='word_1_508' title='bbox 970 3466 1085 3501; x_wconf 84' lang='lat' dir='ltr'><em>incur-</em></span> 
     </span>
     <span class='ocr_line' id='line_1_78' title="bbox 54 3512 1085 3571; baseline -0.009 -13"><span class='ocrx_word' id='word_1_509' title='bbox 54 3532 116 3558; x_wconf 85' lang='lat' dir='ltr'><em>rat</em></span> <span class='ocrx_word' id='word_1_510' title='bbox 134 3519 335 3571; x_wconf 82' lang='lat' dir='ltr'><em>sententias</em></span> <span class='ocrx_word' id='word_1_511' title='bbox 355 3514 429 3565; x_wconf 83' lang='lat' dir='ltr'><em>ipso</em></span> <span class='ocrx_word' id='word_1_512' title='bbox 443 3516 571 3563; x_wconf 48' lang='lat' dir='ltr'><em>satin</em></span> <span class='ocrx_word' id='word_1_513' title='bbox 596 3520 636 3564; x_wconf 66' lang='lat'><em>(5</em></span> <span class='ocrx_word' id='word_1_514' title='bbox 650 3518 718 3555; x_wconf 87' lang='lat' dir='ltr'><em>illa</em></span> <span class='ocrx_word' id='word_1_515' title='bbox 737 3517 817 3555; x_wconf 85' lang='lat' dir='ltr'><em>aliis</em></span> <span class='ocrx_word' id='word_1_516' title='bbox 837 3515 943 3552; x_wconf 84' lang='lat' dir='ltr'><em>libere</em></span> <span class='ocrx_word' id='word_1_517' title='bbox 962 3525 1026 3563; x_wconf 84' lang='lat' dir='ltr'><em>per</em></span> <span class='ocrx_word' id='word_1_518' title='bbox 1041 3512 1085 3550; x_wconf 76' lang='lat' dir='ltr'><em>tl-</em></span> 
     </span>
     <span class='ocr_line' id='line_1_79' title="bbox 55 3563 1084 3619; baseline -0.01 -11"><span class='ocrx_word' id='word_1_519' title='bbox 55 3571 106 3607; x_wconf 87' lang='lat' dir='ltr'><em>los</em></span> <span class='ocrx_word' id='word_1_520' title='bbox 120 3596 132 3615; x_wconf 89' lang='lat'>‚</span> <span class='ocrx_word' id='word_1_521' title='bbox 159 3568 212 3606; x_wconf 85' lang='lat' dir='ltr'><em>ad</em></span> <span class='ocrx_word' id='word_1_522' title='bbox 235 3579 321 3619; x_wconf 87' lang='lat' dir='ltr'><em>quos</em></span> <span class='ocrx_word' id='word_1_523' title='bbox 335 3578 452 3604; x_wconf 86' lang='lat' dir='ltr'><em>eorum</em></span> <span class='ocrx_word' id='word_1_524' title='bbox 465 3566 605 3604; x_wconf 87' lang='lat' dir='ltr'><em>collatio</em></span> <span class='ocrx_word' id='word_1_525' title='bbox 625 3570 780 3615; x_wconf 85' lang='lat' dir='ltr'><em>pertinet</em></span> <span class='ocrx_word' id='word_1_526' title='bbox 794 3593 806 3611; x_wconf 86' lang='lat'>,</span> <span class='ocrx_word' id='word_1_527' title='bbox 833 3563 1058 3610; x_wconf 78' lang='lat' dir='ltr'><em>conferantur</em></span> <span class='ocrx_word' id='word_1_528' title='bbox 1074 3589 1084 3599; x_wconf 88' lang='lat'>.</span> 
     </span>
     <span class='ocr_line' id='line_1_80' title="bbox 54 3614 1084 3663; baseline -0.006 -5"><span class='ocrx_word' id='word_1_529' title='bbox 54 3620 114 3662; x_wconf 79' lang='lat' dir='ltr'><em>Sit</em></span> <span class='ocrx_word' id='word_1_530' title='bbox 137 3621 247 3659; x_wconf 87' lang='lat' dir='ltr'><em>etiam</em></span> <span class='ocrx_word' id='word_1_531' title='bbox 263 3629 340 3655; x_wconf 87' lang='lat' dir='ltr'><em>cum</em></span> <span class='ocrx_word' id='word_1_532' title='bbox 355 3614 427 3663; x_wconf 82' lang='lat' dir='ltr'><em>suis</em></span> <span class='ocrx_word' id='word_1_533' title='bbox 446 3616 547 3655; x_wconf 77' lang='lat' dir='ltr'><em>honis</em></span> <span class='ocrx_word' id='word_1_534' title='bbox 563 3618 756 3656; x_wconf 81' lang='lat' dir='ltr'><em>mundanis</em></span> <span class='ocrx_word' id='word_1_535' title='bbox 780 3615 934 3656; x_wconf 85' lang='lat' dir='ltr'><em>omnibns</em></span> <span class='ocrx_word' id='word_1_536' title='bbox 957 3640 970 3661; x_wconf 90' lang='lat'><em>,</em></span> <span class='ocrx_word' id='word_1_537' title='bbox 1005 3623 1084 3652; x_wconf 85' lang='lat' dir='ltr'><em>tan-</em></span> 
     </span>
    </p>
   </div>
   <div class='ocr_carea' id='block_1_16' title="bbox 1949 243 2102 310">
    <p class='ocr_par' dir='ltr' id='par_1_24' title="bbox 1949 243 2102 310">
     <span class='ocr_line' id='line_1_81' title="bbox 1949 243 2102 310; baseline -0.013 -2"><span class='ocrx_word' id='word_1_538' title='bbox 1949 243 2102 310; x_wconf 84' lang='lat'><em>397</em></span> 
     </span>
    </p>
   </div>
   <div class='ocr_carea' id='block_1_17' title="bbox 1126 365 2169 1338">
    <p class='ocr_par' dir='ltr' id='par_1_25' title="bbox 1135 365 2169 657">
     <span class='ocr_line' id='line_1_82' title="bbox 1135 365 2165 422; baseline 0.007 -18"><span class='ocrx_word' id='word_1_539' title='bbox 1135 365 1252 416; x_wconf 16' lang='lat' dir='ltr'><em>*fliano</em></span> <span class='ocrx_word' id='word_1_540' title='bbox 1272 372 1396 420; x_wconf 82' lang='lat' dir='ltr'><em>populo</em></span> <span class='ocrx_word' id='word_1_541' title='bbox 1431 371 1627 416; x_wconf 80' lang='lat' dir='ltr'><em>diffidatus</em></span> <span class='ocrx_word' id='word_1_542' title='bbox 1659 383 1826 422; x_wconf 81' lang='lat' dir='ltr'><em>perpetuo</em></span> <span class='ocrx_word' id='word_1_543' title='bbox 1844 402 1853 411; x_wconf 89' lang='lat'>.</span> <span class='ocrx_word' id='word_1_544' title='bbox 1895 372 1949 411; x_wconf 87' lang='lat' dir='ltr'><em>Et</em></span> <span class='ocrx_word' id='word_1_545' title='bbox 1977 371 2054 422; x_wconf 70' lang='lat' dir='ltr'><em>poll</em></span> <span class='ocrx_word' id='word_1_546' title='bbox 2081 389 2165 411; x_wconf 85' lang='lat' dir='ltr'><em>uam</em></span> 
     </span>
     <span class='ocr_line' id='line_1_83' title="bbox 1135 418 2165 472; baseline 0.009 -18"><span class='ocrx_word' id='word_1_547' title='bbox 1135 418 1375 470; x_wconf 77' lang='lat' dir='ltr'><em>probabilibus</em></span> <span class='ocrx_word' id='word_1_548' title='bbox 1391 418 1586 466; x_wconf 71' lang='lat' dir='ltr'><em>eonstiterit</em></span> <span class='ocrx_word' id='word_1_549' title='bbox 1607 426 1847 470; x_wconf 87' lang='lat' dir='ltr'><em>argumentis,</em></span> <span class='ocrx_word' id='word_1_550' title='bbox 1875 423 2030 472; x_wconf 79' lang='lat' dir='ltr'><em>aliquem</em></span> <span class='ocrx_word' id='word_1_551' title='bbox 2068 423 2165 463; x_wconf 74' lang='lat' dir='ltr'><em>celus</em></span> 
     </span>
     <span class='ocr_line' id='line_1_84' title="bbox 1138 470 2169 518; baseline 0.005 -11"><span class='ocrx_word' id='word_1_552' title='bbox 1138 478 1220 507; x_wconf 72' lang='lat' dir='ltr'><em>vtam</em></span> <span class='ocrx_word' id='word_1_553' title='bbox 1239 471 1436 510; x_wconf 77' lang='lat' dir='ltr'><em>execrabile</em></span> <span class='ocrx_word' id='word_1_554' title='bbox 1457 470 1652 518; x_wconf 81' lang='lat' dir='ltr'><em>commififfe</em></span> <span class='ocrx_word' id='word_1_555' title='bbox 1673 499 1686 518; x_wconf 92' lang='lat'><strong>,</strong></span> <span class='ocrx_word' id='word_1_556' title='bbox 1708 471 1906 511; x_wconf 86' lang='lat' dir='ltr'><em>nullatenus</em></span> <span class='ocrx_word' id='word_1_557' title='bbox 1927 471 2008 510; x_wconf 87' lang='lat' dir='ltr'><em>alia</em></span> <span class='ocrx_word' id='word_1_558' title='bbox 2026 484 2169 512; x_wconf 76' lang='lat' dir='ltr'><em>exeom-</em></span> 
     </span>
     <span class='ocr_line' id='line_1_85' title="bbox 1143 520 2164 570; baseline 0.008 -16"><span class='ocrx_word' id='word_1_559' title='bbox 1143 521 1391 559; x_wconf 87' lang='lat' dir='ltr'><em>municatiom&#39;s</em></span> <span class='ocrx_word' id='word_1_560' title='bbox 1412 521 1472 558; x_wconf 82' lang='lat' dir='ltr'><em>:vel</em></span> <span class='ocrx_word' id='word_1_561' title='bbox 1495 520 1710 568; x_wconf 82' lang='lat' dir='ltr'><em>depositionis</em></span> <span class='ocrx_word' id='word_1_562' title='bbox 1733 521 1798 570; x_wconf 82' lang='lat' dir='ltr'><em>seu</em></span> <span class='ocrx_word' id='word_1_563' title='bbox 1824 521 2061 567; x_wconf 81' lang='lat' dir='ltr'><em>diffidationis</em></span> <span class='ocrx_word' id='word_1_564' title='bbox 2092 523 2164 561; x_wconf 85' lang='lat' dir='ltr'><em>ad-</em></span> 
     </span>
     <span class='ocr_line' id='line_1_86' title="bbox 1142 566 2166 654; baseline 0.007 -52"><span class='ocrx_word' id='word_1_565' title='bbox 1142 566 1267 654; x_wconf 52' lang='lat' dir='ltr'><em>vegsus</em></span> <span class='ocrx_word' id='word_1_566' title='bbox 1286 583 1368 654; x_wconf 59' lang='lat' dir='ltr'><em>gum</em></span> <span class='ocrx_word' id='word_1_567' title='bbox 1380 569 1560 621; x_wconf 83' lang='lat' dir='ltr'><em>sententia</em></span> <span class='ocrx_word' id='word_1_568' title='bbox 1582 574 1803 622; x_wconf 84' lang='lat' dir='ltr'><em>requiratur.</em></span> <span class='ocrx_word' id='word_1_569' title='bbox 1828 585 1909 620; x_wconf 80' lang='lat' dir='ltr'><em>cap.</em></span> <span class='ocrx_word' id='word_1_570' title='bbox 1923 573 2012 611; x_wconf 81' lang='lat' dir='ltr'><em>1.de</em></span> <span class='ocrx_word' id='word_1_571' title='bbox 2035 573 2166 613; x_wconf 80' lang='lat' dir='ltr'><em>homi.</em></span> 
     </span>
     <span class='ocr_line' id='line_1_87' title="bbox 1138 630 1320 657; baseline 0.011 -3"><span class='ocrx_word' id='word_1_572' title='bbox 1138 630 1176 657; x_wconf 79' lang='lat' dir='ltr'><em>,ci</em></span> <span class='ocrx_word' id='word_1_573' title='bbox 1207 644 1214 652; x_wconf 88' lang='lat'><strong>.</strong></span> <span class='ocrx_word' id='word_1_574' title='bbox 1227 631 1265 655; x_wconf 81' lang='lat' dir='ltr'><em>ln</em></span> <span class='ocrx_word' id='word_1_575' title='bbox 1312 647 1320 655; x_wconf 94' lang='lat'>.</span> 
     </span>
    </p>

    <p class='ocr_par' dir='ltr' id='par_1_26' title="bbox 1131 664 2164 1088">
     <span class='ocr_line' id='line_1_88' title="bbox 1182 664 2164 715; baseline 0.005 -17"><span class='ocrx_word' id='word_1_576' title='bbox 1182 664 1310 712; x_wconf 82' lang='lat' dir='ltr'><em>Mirum</em></span> <span class='ocrx_word' id='word_1_577' title='bbox 1318 668 1363 705; x_wconf 80' lang='lat' dir='ltr'><em>est</em></span> <span class='ocrx_word' id='word_1_578' title='bbox 1370 691 1383 709; x_wconf 88' lang='lat'><em>,</em></span> <span class='ocrx_word' id='word_1_579' title='bbox 1402 676 1532 715; x_wconf 55' lang='lat' dir='ltr'><em>tantem</em></span> <span class='ocrx_word' id='word_1_580' title='bbox 1540 668 1626 708; x_wconf 79' lang='lat' dir='ltr'><em>fuisse</em></span> <span class='ocrx_word' id='word_1_581' title='bbox 1635 669 1727 705; x_wconf 91' lang='lat' dir='ltr'><em>illius</em></span> <span class='ocrx_word' id='word_1_582' title='bbox 1735 670 1855 705; x_wconf 79' lang='lat' dir='ltr'><em>saeculi</em></span> <span class='ocrx_word' id='word_1_583' title='bbox 1864 670 1898 704; x_wconf 84' lang='lat' dir='ltr'><em>in</em></span> <span class='ocrx_word' id='word_1_584' title='bbox 1905 672 2079 713; x_wconf 88' lang='lat' dir='ltr'><em>loquendo</em></span> <span class='ocrx_word' id='word_1_585' title='bbox 2089 671 2164 706; x_wconf 82' lang='lat' dir='ltr'><em>bar..</em></span> 
     </span>
     <span class='ocr_line' id='line_1_89' title="bbox 1138 705 2163 759; baseline 0.008 -20"><span class='ocrx_word' id='word_1_586' title='bbox 1138 705 1285 759; x_wconf 52' lang='lat' dir='ltr'><em>lqatiegn,</em></span> <span class='ocrx_word' id='word_1_587' title='bbox 1307 720 1343 743; x_wconf 91' lang='lat' dir='ltr'><em>ut</em></span> <span class='ocrx_word' id='word_1_588' title='bbox 1355 721 1431 752; x_wconf 79' lang='lat' dir='ltr'><em>quae</em></span> <span class='ocrx_word' id='word_1_589' title='bbox 1448 709 1549 744; x_wconf 84' lang='lat' dir='ltr'><em>tribus</em></span> <span class='ocrx_word' id='word_1_590' title='bbox 1566 721 1746 752; x_wconf 70' lang='lat' dir='ltr'><em>quatuorve</em></span> <span class='ocrx_word' id='word_1_591' title='bbox 1764 712 1900 746; x_wconf 84' lang='lat' dir='ltr'><em>lineolis</em></span> <span class='ocrx_word' id='word_1_592' title='bbox 1926 712 2063 754; x_wconf 79' lang='lat' dir='ltr'><em>exprimi</em></span> <span class='ocrx_word' id='word_1_593' title='bbox 2090 725 2163 754; x_wconf 84' lang='lat' dir='ltr'><em>per-</em></span> 
     </span>
     <span class='ocr_line' id='line_1_90' title="bbox 1144 747 2162 799; baseline 0.008 -19"><span class='ocrx_word' id='word_1_594' title='bbox 1144 747 1250 796; x_wconf 73' lang='lat' dir='ltr'><em>spicue</em></span> <span class='ocrx_word' id='word_1_595' title='bbox 1272 762 1309 784; x_wconf 85' lang='lat' dir='ltr'><em>ac</em></span> <span class='ocrx_word' id='word_1_596' title='bbox 1331 752 1500 798; x_wconf 56' lang='lat' dir='ltr'><em>eleganter</em></span> <span class='ocrx_word' id='word_1_597' title='bbox 1522 762 1675 799; x_wconf 37' lang='lat' dir='ltr'><em>„poterant</em></span> <span class='ocrx_word' id='word_1_598' title='bbox 1692 778 1704 795; x_wconf 87' lang='lat'><em>‚</em></span> <span class='ocrx_word' id='word_1_599' title='bbox 1742 753 1938 797; x_wconf 81' lang='lat' dir='ltr'><em>longiffimis</em></span> <span class='ocrx_word' id='word_1_600' title='bbox 1953 754 2162 795; x_wconf 76' lang='lat' dir='ltr'><em>&amp;perplexis</em></span> 
     </span>
     <span class='ocr_line' id='line_1_91' title="bbox 1145 792 2161 840; baseline 0.005 -17"><span class='ocrx_word' id='word_1_601' title='bbox 1145 792 1448 839; x_wconf 44' lang='lat' dir='ltr'><em>multiloquiorum·</em></span> <span class='ocrx_word' id='word_1_602' title='bbox 1464 794 1653 840; x_wconf 62' lang='lat' dir='ltr'><em>amoagibus</em></span> <span class='ocrx_word' id='word_1_603' title='bbox 1669 819 1681 835; x_wconf 90' lang='lat'><em>,</em></span> <span class='ocrx_word' id='word_1_604' title='bbox 1710 799 1743 830; x_wconf 87' lang='lat'><strong>&amp;</strong></span> <span class='ocrx_word' id='word_1_605' title='bbox 1761 795 1938 835; x_wconf 66' lang='lat' dir='ltr'><em>interiestis</em></span> <span class='ocrx_word' id='word_1_606' title='bbox 1951 795 2128 830; x_wconf 77' lang='lat' dir='ltr'><em>inutilibus</em></span> <span class='ocrx_word' id='word_1_607' title='bbox 2149 820 2161 836; x_wconf 93' lang='lat'><strong>,</strong></span> 
     </span>
     <span class='ocr_line' id='line_1_92' title="bbox 1142 830 2164 881; baseline 0.007 -18"><span class='ocrx_word' id='word_1_608' title='bbox 1142 830 1361 879; x_wconf 71' lang='lat' dir='ltr'><em>frequentibus</em></span> <span class='ocrx_word' id='word_1_609' title='bbox 1373 838 1411 871; x_wconf 73' lang='grc' dir='ltr'><em>,δε</em></span> <span class='ocrx_word' id='word_1_610' title='bbox 1429 843 1588 881; x_wconf 60' lang='lat' dir='ltr'><em>impleatis</em></span> <span class='ocrx_word' id='word_1_611' title='bbox 1606 836 1830 878; x_wconf 78' lang='lat' dir='ltr'><em>parenthesum</em></span> <span class='ocrx_word' id='word_1_612' title='bbox 1846 836 2087 878; x_wconf 83' lang='lat' dir='ltr'><em>multiplicium</em></span> <span class='ocrx_word' id='word_1_613' title='bbox 2103 846 2164 870; x_wconf 82' lang='lat' dir='ltr'><em>an-</em></span> 
     </span>
     <span class='ocr_line' id='line_1_93' title="bbox 1140 871 2164 923; baseline 0.005 -17"><span class='ocrx_word' id='word_1_614' title='bbox 1140 871 1294 909; x_wconf 70' lang='lat' dir='ltr'><em>fraetnbus</em></span> <span class='ocrx_word' id='word_1_615' title='bbox 1311 899 1322 915; x_wconf 87' lang='lat'>‚</span> <span class='ocrx_word' id='word_1_616' title='bbox 1343 878 1394 922; x_wconf 33' lang='lat' dir='ltr'><em>‘ad</em></span> <span class='ocrx_word' id='word_1_617' title='bbox 1421 876 1577 923; x_wconf 61' lang='lat' dir='ltr'><em>ultimam</em></span> <span class='ocrx_word' id='word_1_618' title='bbox 1601 877 1702 919; x_wconf 89' lang='lat' dir='ltr'><em>usque</em></span> <span class='ocrx_word' id='word_1_619' title='bbox 1718 878 1871 914; x_wconf 80' lang='lat' dir='ltr'><em>nauseam</em></span> <span class='ocrx_word' id='word_1_620' title='bbox 1888 878 2067 921; x_wconf 79' lang='lat' dir='ltr'><em>exprimere</em></span> <span class='ocrx_word' id='word_1_621' title='bbox 2083 877 2164 912; x_wconf 76' lang='lat' dir='ltr'><em>affe-</em></span> 
     </span>
     <span class='ocr_line' id='line_1_94' title="bbox 1140 915 2164 968; baseline 0.004 -19"><span class='ocrx_word' id='word_1_622' title='bbox 1140 915 1286 968; x_wconf 29' lang='grc' dir='ltr'><em>ὅμηρα-,Π</em></span> <span class='ocrx_word' id='word_1_623' title='bbox 1303 926 1408 965; x_wconf 65' lang='grc' dir='ltr'><em>Δετιαῐῃ</em></span> <span class='ocrx_word' id='word_1_624' title='bbox 1425 927 1608 965; x_wconf 69' lang='lat' dir='ltr'><em>eminentes</em></span> <span class='ocrx_word' id='word_1_625' title='bbox 1626 918 1782 962; x_wconf 80' lang='lat' dir='ltr'><em>dignitate</em></span> <span class='ocrx_word' id='word_1_626' title='bbox 1799 919 1961 961; x_wconf 66' lang='lat' dir='ltr'><em>persona-:3</em></span> <span class='ocrx_word' id='word_1_627' title='bbox 1980 930 2019 954; x_wconf 81' lang='lat' dir='ltr'><em>ut</em></span> <span class='ocrx_word' id='word_1_628' title='bbox 2034 932 2076 954; x_wconf 79' lang='lat' dir='ltr'><em>ex</em></span> <span class='ocrx_word' id='word_1_629' title='bbox 2094 919 2164 954; x_wconf 79' lang='lat' dir='ltr'><em>eius</em></span> 
     </span>
     <span class='ocr_line' id='line_1_95' title="bbox 1139 957 2163 1006; baseline 0.007 -17"><span class='ocrx_word' id='word_1_630' title='bbox 1139 957 1584 1006; x_wconf 42' lang='lat' dir='ltr'><em>Con-ciliiconstituti&#39;ombus</em></span> <span class='ocrx_word' id='word_1_631' title='bbox 1601 959 1732 1002; x_wconf 65' lang='lat' dir='ltr'><em>liquide&gt;</em></span> <span class='ocrx_word' id='word_1_632' title='bbox 1746 962 1869 995; x_wconf 79' lang='lat' dir='ltr'><em>constat</em></span> <span class='ocrx_word' id='word_1_633' title='bbox 1881 986 1888 994; x_wconf 91' lang='lat'><strong><em>.</em></strong></span> <span class='ocrx_word' id='word_1_634' title='bbox 1909 960 1999 1004; x_wconf 81' lang='lat' dir='ltr'><em>Qua:</em></span> <span class='ocrx_word' id='word_1_635' title='bbox 2008 961 2109 997; x_wconf 58' lang='lat' dir='ltr'><em>etiam</em></span> <span class='ocrx_word' id='word_1_636' title='bbox 2127 961 2163 996; x_wconf 69' lang='lat' dir='ltr'><em>isi</em></span> 
     </span>
     <span class='ocr_line' id='line_1_96' title="bbox 1133 1000 2163 1048; baseline 0.005 -17"><span class='ocrx_word' id='word_1_637' title='bbox 1133 1002 1293 1042; x_wconf 75' lang='lat' dir='ltr'><em>nrigmali</em></span> <span class='ocrx_word' id='word_1_638' title='bbox 1302 1002 1494 1047; x_wconf 50' lang='lat' dir='ltr'><em>plerumque</em></span> <span class='ocrx_word' id='word_1_639' title='bbox 1506 1000 1700 1048; x_wconf 61' lang='lat' dir='ltr'><em>prolixiores</em></span> <span class='ocrx_word' id='word_1_640' title='bbox 1709 1001 1896 1044; x_wconf 66' lang='lat' dir='ltr'><em>fimt‚qu52m</em></span> <span class='ocrx_word' id='word_1_641' title='bbox 1908 1002 1941 1036; x_wconf 89' lang='lat' dir='ltr'><em>in</em></span> <span class='ocrx_word' id='word_1_642' title='bbox 1951 1003 2163 1045; x_wconf 83' lang='lat' dir='ltr'><em>compilatio-</em></span> 
     </span>
     <span class='ocr_line' id='line_1_97' title="bbox 1131 1042 2162 1088; baseline 0.003 -14"><span class='ocrx_word' id='word_1_643' title='bbox 1131 1051 1180 1078; x_wconf 72' lang='lat' dir='ltr'><em>ne</em></span> <span class='ocrx_word' id='word_1_644' title='bbox 1196 1053 1353 1077; x_wconf 78' lang='lat' dir='ltr'><em>canonica</em></span> <span class='ocrx_word' id='word_1_645' title='bbox 1372 1042 1541 1079; x_wconf 76' lang='lat' dir='ltr'><em>Pontificss</em></span> <span class='ocrx_word' id='word_1_646' title='bbox 1557 1042 1742 1085; x_wconf 81' lang='lat' dir='ltr'><em>Bonifacii‚</em></span> <span class='ocrx_word' id='word_1_647' title='bbox 1765 1055 1867 1086; x_wconf 77' lang='lat' dir='ltr'><em>quam</em></span> <span class='ocrx_word' id='word_1_648' title='bbox 1883 1044 1974 1086; x_wconf 70' lang='lat' dir='ltr'><em>,lequi</em></span> <span class='ocrx_word' id='word_1_649' title='bbox 1989 1044 2162 1088; x_wconf 71' lang='lat' dir='ltr'><em>praeelegi.</em></span> 
     </span>
    </p>

    <p class='ocr_par' dir='ltr' id='par_1_27' title="bbox 1126 1085 2164 1338">
     <span class='ocr_line' id='line_1_98' title="bbox 1187 1085 2164 1136; baseline 0 -13"><span class='ocrx_word' id='word_1_650' title='bbox 1187 1085 1354 1127; x_wconf 77' lang='lat' dir='ltr'><em>Volentes</em></span> <span class='ocrx_word' id='word_1_651' title='bbox 1373 1087 1578 1125; x_wconf 72' lang='lat' dir='ltr'><em>libertatem</em></span> <span class='ocrx_word' id='word_1_652' title='bbox 1599 1112 1613 1132; x_wconf 94' lang='lat'><em>,</em></span> <span class='ocrx_word' id='word_1_653' title='bbox 1637 1100 1744 1136; x_wconf 83' lang='lat' dir='ltr'><em>quam</em></span> <span class='ocrx_word' id='word_1_654' title='bbox 1766 1087 1936 1124; x_wconf 86' lang='lat' dir='ltr'><em>nonnullis</em></span> <span class='ocrx_word' id='word_1_655' title='bbox 1961 1086 2164 1135; x_wconf 74' lang='lat' dir='ltr'><em>Apojioltca</em></span> 
     </span>
     <span class='ocr_line' id='line_1_99' title="bbox 1126 1134 2164 1187; baseline 0.002 -16"><span class='ocrx_word' id='word_1_656' title='bbox 1126 1134 1242 1186; x_wconf 80' lang='lat' dir='ltr'><em>sedes</em></span> <span class='ocrx_word' id='word_1_657' title='bbox 1260 1136 1448 1184; x_wconf 83' lang='lat' dir='ltr'><em>privilegio</em></span> <span class='ocrx_word' id='word_1_658' title='bbox 1469 1137 1696 1187; x_wconf 82' lang='lat' dir='ltr'><em>exemptionis</em></span> <span class='ocrx_word' id='word_1_659' title='bbox 1717 1136 1863 1178; x_wconf 79' lang='lat' dir='ltr'><em>indulsit</em></span> <span class='ocrx_word' id='word_1_660' title='bbox 1884 1163 1896 1183; x_wconf 85' lang='lat'>‚</span> <span class='ocrx_word' id='word_1_661' title='bbox 1917 1135 1967 1181; x_wconf 82' lang='lat' dir='ltr'><em>fic</em></span> <span class='ocrx_word' id='word_1_662' title='bbox 1984 1139 2164 1183; x_wconf 77' lang='lat' dir='ltr'><em>integram</em></span> 
     </span>
     <span class='ocr_line' id='line_1_100' title="bbox 1135 1183 2160 1234; baseline 0.002 -13"><span class='ocrx_word' id='word_1_663' title='bbox 1135 1183 1340 1233; x_wconf 84' lang='lat' dir='ltr'><em>observari,</em></span> <span class='ocrx_word' id='word_1_664' title='bbox 1366 1196 1405 1223; x_wconf 90' lang='lat' dir='ltr'><em>ut</em></span> <span class='ocrx_word' id='word_1_665' title='bbox 1420 1186 1460 1228; x_wconf 59' lang='grc' dir='ltr'><em>θ</em></span> <span class='ocrx_word' id='word_1_666' title='bbox 1476 1184 1576 1223; x_wconf 83' lang='lat' dir='ltr'><em>illam</em></span> <span class='ocrx_word' id='word_1_667' title='bbox 1595 1185 1661 1224; x_wconf 84' lang='lat' dir='ltr'><em>alii</em></span> <span class='ocrx_word' id='word_1_668' title='bbox 1683 1201 1745 1225; x_wconf 80' lang='lat' dir='ltr'><em>non</em></span> <span class='ocrx_word' id='word_1_669' title='bbox 1769 1187 1990 1234; x_wconf 80' lang='lat' dir='ltr'><em>infringant,</em></span> <span class='ocrx_word' id='word_1_670' title='bbox 2039 1187 2080 1229; x_wconf 60' lang='grc' dir='ltr'><em>δ’</em></span> <span class='ocrx_word' id='word_1_671' title='bbox 2096 1184 2160 1234; x_wconf 80' lang='lat' dir='ltr'><em>ipsi</em></span> 
     </span>
     <span class='ocr_line' id='line_1_101' title="bbox 1129 1235 2164 1283; baseline -0.002 -10"><span class='ocrx_word' id='word_1_672' title='bbox 1129 1235 1268 1273; x_wconf 78' lang='lat' dir='ltr'><em>limites</em></span> <span class='ocrx_word' id='word_1_673' title='bbox 1291 1238 1367 1273; x_wconf 89' lang='lat' dir='ltr'><em>eius</em></span> <span class='ocrx_word' id='word_1_674' title='bbox 1388 1249 1456 1273; x_wconf 84' lang='lat' dir='ltr'><em>non</em></span> <span class='ocrx_word' id='word_1_675' title='bbox 1473 1235 1675 1282; x_wconf 78' lang='lat' dir='ltr'><em>excedant,</em></span> <span class='ocrx_word' id='word_1_676' title='bbox 1699 1237 1943 1276; x_wconf 82' lang='lat' dir='ltr'><em>declaratione</em></span> <span class='ocrx_word' id='word_1_677' title='bbox 1965 1235 2164 1283; x_wconf 81' lang='lat' dir='ltr'><em>irrefraga-</em></span> 
     </span>
     <span class='ocr_line' id='line_1_102' title="bbox 1128 1283 2162 1338; baseline 0 -16"><span class='ocrx_word' id='word_1_678' title='bbox 1128 1284 1198 1322; x_wconf 84' lang='lat' dir='ltr'><em>bili</em></span> <span class='ocrx_word' id='word_1_679' title='bbox 1218 1283 1409 1332; x_wconf 80' lang='lat' dir='ltr'><em>definimus</em></span> <span class='ocrx_word' id='word_1_680' title='bbox 1433 1310 1447 1329; x_wconf 91' lang='lat'>‚</span> <span class='ocrx_word' id='word_1_681' title='bbox 1481 1284 1576 1334; x_wconf 88' lang='lat' dir='ltr'><em>quod</em></span> <span class='ocrx_word' id='word_1_682' title='bbox 1607 1297 1905 1338; x_wconf 84' lang='lat' dir='ltr'><em>quantumcunque</em></span> <span class='ocrx_word' id='word_1_683' title='bbox 1933 1285 1982 1331; x_wconf 75' lang='lat' dir='ltr'><em>fit·</em></span> <span class='ocrx_word' id='word_1_684' title='bbox 2001 1288 2162 1334; x_wconf 69' lang='lat' dir='ltr'><em>exempti</em></span> 
     </span>
    </p>
   </div>
   <div class='ocr_carea' id='block_1_18' title="bbox 1123 1334 2161 1385">
    <p class='ocr_par' dir='ltr' id='par_1_28' title="bbox 1123 1334 2161 1385">
     <span class='ocr_line' id='line_1_103' title="bbox 1123 1334 2161 1385; baseline 0 -13"><span class='ocrx_word' id='word_1_685' title='bbox 1123 1336 1316 1385; x_wconf 82' lang='lat' dir='ltr'><em>gaudeant</em></span> <span class='ocrx_word' id='word_1_686' title='bbox 1337 1335 1527 1378; x_wconf 82' lang='lat' dir='ltr'><em>libertate,</em></span> <span class='ocrx_word' id='word_1_687' title='bbox 1553 1334 1779 1373; x_wconf 82' lang='lat' dir='ltr'><em>nibilominus</em></span> <span class='ocrx_word' id='word_1_688' title='bbox 1803 1348 1924 1375; x_wconf 86' lang='lat' dir='ltr'><em>tamen</em></span> <span class='ocrx_word' id='word_1_689' title='bbox 1948 1338 2081 1375; x_wconf 85' lang='lat' dir='ltr'><em>ratione</em></span> <span class='ocrx_word' id='word_1_690' title='bbox 2097 1336 2161 1372; x_wconf 87' lang='lat' dir='ltr'><em>de-</em></span> 
     </span>
    </p>
   </div>
   <div class='ocr_carea' id='block_1_19' title="bbox 1125 1382 2166 3555">
    <p class='ocr_par' dir='ltr' id='par_1_29' title="bbox 1125 1382 2166 3425">
     <span class='ocr_line' id='line_1_104' title="bbox 1133 1382 2164 1433; baseline -0.002 -11"><span class='ocrx_word' id='word_1_691' title='bbox 1133 1385 1232 1432; x_wconf 66' lang='lat' dir='ltr'><em>litii,</em></span> <span class='ocrx_word' id='word_1_692' title='bbox 1253 1382 1330 1431; x_wconf 86' lang='lat' dir='ltr'><em>five</em></span> <span class='ocrx_word' id='word_1_693' title='bbox 1349 1385 1576 1430; x_wconf 67' lang='lat' dir='ltr'><em>contractus,</em></span> <span class='ocrx_word' id='word_1_694' title='bbox 1602 1396 1669 1422; x_wconf 84' lang='lat' dir='ltr'><em>aut</em></span> <span class='ocrx_word' id='word_1_695' title='bbox 1693 1388 1746 1424; x_wconf 84' lang='lat' dir='ltr'><em>rei</em></span> <span class='ocrx_word' id='word_1_696' title='bbox 1767 1385 1814 1423; x_wconf 88' lang='lat' dir='ltr'><em>de</em></span> <span class='ocrx_word' id='word_1_697' title='bbox 1852 1399 1923 1433; x_wconf 87' lang='lat' dir='ltr'><em>qua</em></span> <span class='ocrx_word' id='word_1_698' title='bbox 1954 1391 2081 1422; x_wconf 71' lang='lat' dir='ltr'><em>contra</em></span> <span class='ocrx_word' id='word_1_699' title='bbox 2109 1386 2164 1432; x_wconf 82' lang='lat' dir='ltr'><em>ip-</em></span> 
     </span>
     <span class='ocr_line' id='line_1_105' title="bbox 1127 1432 2158 1484; baseline -0.003 -10"><span class='ocrx_word' id='word_1_700' title='bbox 1127 1434 1188 1484; x_wconf 84' lang='lat' dir='ltr'><em>sos</em></span> <span class='ocrx_word' id='word_1_701' title='bbox 1212 1437 1353 1483; x_wconf 87' lang='lat' dir='ltr'><em>agitur,</em></span> <span class='ocrx_word' id='word_1_702' title='bbox 1376 1434 1446 1472; x_wconf 71' lang='lat' dir='ltr'><em>rite</em></span> <span class='ocrx_word' id='word_1_703' title='bbox 1473 1432 1606 1484; x_wconf 84' lang='lat' dir='ltr'><em>possunt</em></span> <span class='ocrx_word' id='word_1_704' title='bbox 1627 1447 1744 1472; x_wconf 85' lang='lat' dir='ltr'><em>coram</em></span> <span class='ocrx_word' id='word_1_705' title='bbox 1774 1434 1920 1472; x_wconf 88' lang='lat' dir='ltr'><em>locorum</em></span> <span class='ocrx_word' id='word_1_706' title='bbox 1940 1434 2158 1472; x_wconf 80' lang='lat' dir='ltr'><em>Ordinarit&#39;s</em></span> 
     </span>
     <span class='ocr_line' id='line_1_106' title="bbox 1127 1481 2160 1534; baseline -0.006 -11"><span class='ocrx_word' id='word_1_707' title='bbox 1127 1487 1332 1531; x_wconf 75' lang='lat' dir='ltr'><em>conveniri,</em></span> <span class='ocrx_word' id='word_1_708' title='bbox 1363 1486 1404 1528; x_wconf 68' lang='lat'><em>(3&#39;</em></span> <span class='ocrx_word' id='word_1_709' title='bbox 1418 1483 1473 1522; x_wconf 89' lang='lat' dir='ltr'><em>illi</em></span> <span class='ocrx_word' id='word_1_710' title='bbox 1489 1484 1613 1534; x_wconf 78' lang='lat' dir='ltr'><em>quoad</em></span> <span class='ocrx_word' id='word_1_711' title='bbox 1634 1484 1696 1526; x_wconf 87' lang='lat' dir='ltr'><em>boc</em></span> <span class='ocrx_word' id='word_1_712' title='bbox 1712 1483 1817 1532; x_wconf 86' lang='lat' dir='ltr'><em>suam</em></span> <span class='ocrx_word' id='word_1_713' title='bbox 1837 1487 1877 1523; x_wconf 82' lang='lat' dir='ltr'><em>in</em></span> <span class='ocrx_word' id='word_1_714' title='bbox 1901 1481 1992 1532; x_wconf 71' lang='lat' dir='ltr'><em>ipsos</em></span> <span class='ocrx_word' id='word_1_715' title='bbox 2012 1481 2160 1529; x_wconf 83' lang='lat' dir='ltr'><em>iurisdi-</em></span> 
     </span>
     <span class='ocr_line' id='line_1_107' title="bbox 1134 1533 2161 1609; baseline -0.006 -35"><span class='ocrx_word' id='word_1_716' title='bbox 1134 1538 1276 1574; x_wconf 61' lang='lat' dir='ltr'><em>aionem</em></span> <span class='ocrx_word' id='word_1_717' title='bbox 1287 1561 1300 1580; x_wconf 92' lang='lat'>,</span> <span class='ocrx_word' id='word_1_718' title='bbox 1322 1544 1425 1582; x_wconf 87' lang='lat' dir='ltr'><em>prout</em></span> <span class='ocrx_word' id='word_1_719' title='bbox 1445 1536 1504 1571; x_wconf 81' lang='lat' dir='ltr'><em>ius</em></span> <span class='ocrx_word' id='word_1_720' title='bbox 1515 1536 1629 1582; x_wconf 80' lang='lat' dir='ltr'><em>exigit</em></span> <span class='ocrx_word' id='word_1_721' title='bbox 1643 1560 1655 1580; x_wconf 91' lang='lat'>‚</span> <span class='ocrx_word' id='word_1_722' title='bbox 1679 1547 1843 1578; x_wconf 77' lang='lat' dir='ltr'><em>exercere</em></span> <span class='ocrx_word' id='word_1_723' title='bbox 1862 1561 1872 1571; x_wconf 92' lang='lat'><strong>.</strong></span> <span class='ocrx_word' id='word_1_724' title='bbox 1902 1534 1945 1570; x_wconf 89' lang='lat' dir='ltr'><em>N</em></span> <span class='ocrx_word' id='word_1_725' title='bbox 1947 1533 2094 1609; x_wconf 67' lang='lat' dir='ltr'><em>umq&gt;uid</em></span> <span class='ocrx_word' id='word_1_726' title='bbox 2108 1546 2161 1569; x_wconf 84' lang='lat' dir='ltr'><em>er-</em></span> 
     </span>
     <span class='ocr_line' id='line_1_108' title="bbox 1127 1582 2162 1635; baseline -0.005 -11"><span class='ocrx_word' id='word_1_727' title='bbox 1127 1601 1171 1635; x_wconf 91' lang='lat' dir='ltr'><em>go</em></span> <span class='ocrx_word' id='word_1_728' title='bbox 1193 1595 1292 1624; x_wconf 86' lang='lat' dir='ltr'><em>caret</em></span> <span class='ocrx_word' id='word_1_729' title='bbox 1313 1582 1451 1623; x_wconf 73' lang='lat' dir='ltr'><em>omnino</em></span> <span class='ocrx_word' id='word_1_730' title='bbox 1469 1585 1505 1621; x_wconf 89' lang='lat' dir='ltr'><em>in</em></span> <span class='ocrx_word' id='word_1_731' title='bbox 1527 1583 1587 1620; x_wconf 86' lang='lat' dir='ltr'><em>his</em></span> <span class='ocrx_word' id='word_1_732' title='bbox 1607 1585 1781 1620; x_wconf 79' lang='lat' dir='ltr'><em>commodo</em></span> <span class='ocrx_word' id='word_1_733' title='bbox 1817 1583 1998 1623; x_wconf 84' lang='lat' dir='ltr'><em>libertatis</em></span> <span class='ocrx_word' id='word_1_734' title='bbox 2013 1613 2025 1622; x_wconf 68' lang='grc'><em>,.</em></span> <span class='ocrx_word' id='word_1_735' title='bbox 2074 1583 2119 1622; x_wconf 91' lang='lat' dir='ltr'><em>N</em></span> <span class='ocrx_word' id='word_1_736' title='bbox 2122 1597 2162 1619; x_wconf 88' lang='lat' dir='ltr'><em>on</em></span> 
     </span>
     <span class='ocr_line' id='line_1_109' title="bbox 1132 1630 2165 1686; baseline -0.007 -11"><span class='ocrx_word' id='word_1_737' title='bbox 1132 1639 1278 1686; x_wconf 89' lang='lat' dir='ltr'><em>utique:</em></span> <span class='ocrx_word' id='word_1_738' title='bbox 1305 1636 1390 1682; x_wconf 90' lang='lat' dir='ltr'><em>quia</em></span> <span class='ocrx_word' id='word_1_739' title='bbox 1413 1645 1472 1670; x_wconf 82' lang='lat' dir='ltr'><em>nec</em></span> <span class='ocrx_word' id='word_1_740' title='bbox 1494 1645 1614 1670; x_wconf 85' lang='lat' dir='ltr'><em>coram</em></span> <span class='ocrx_word' id='word_1_741' title='bbox 1638 1634 1832 1672; x_wconf 76' lang='lat' dir='ltr'><em>ordinarii</em></span> <span class='ocrx_word' id='word_1_742' title='bbox 1855 1630 1940 1680; x_wconf 81' lang='lat' dir='ltr'><em>ipsis</em></span> <span class='ocrx_word' id='word_1_743' title='bbox 1962 1658 1973 1676; x_wconf 94' lang='lat'>,</span> <span class='ocrx_word' id='word_1_744' title='bbox 2009 1632 2165 1670; x_wconf 88' lang='lat' dir='ltr'><em>dummo-</em></span> 
     </span>
     <span class='ocr_line' id='line_1_110' title="bbox 1131 1680 2158 1733; baseline -0.007 -9"><span class='ocrx_word' id='word_1_745' title='bbox 1131 1687 1180 1724; x_wconf 88' lang='lat' dir='ltr'><em>do</em></span> <span class='ocrx_word' id='word_1_746' title='bbox 1210 1685 1252 1733; x_wconf 71' lang='grc' dir='ltr'><em>[ἵε</em></span> <span class='ocrx_word' id='word_1_747' title='bbox 1285 1687 1321 1721; x_wconf 85' lang='lat' dir='ltr'><em>in</em></span> <span class='ocrx_word' id='word_1_748' title='bbox 1346 1684 1416 1722; x_wconf 90' lang='lat' dir='ltr'><em>loco</em></span> <span class='ocrx_word' id='word_1_749' title='bbox 1441 1693 1602 1731; x_wconf 87' lang='lat' dir='ltr'><em>exempto</em></span> <span class='ocrx_word' id='word_1_750' title='bbox 1630 1680 1840 1729; x_wconf 82' lang='lat' dir='ltr'><em>commiffum</em></span> <span class='ocrx_word' id='word_1_751' title='bbox 1869 1681 2041 1721; x_wconf 67' lang='lat' dir='ltr'><em>delicium</em></span> <span class='ocrx_word' id='word_1_752' title='bbox 2061 1707 2072 1726; x_wconf 96' lang='lat'>,</span> <span class='ocrx_word' id='word_1_753' title='bbox 2100 1681 2158 1718; x_wconf 86' lang='lat' dir='ltr'><em>vel</em></span> 
     </span>
     <span class='ocr_line' id='line_1_111' title="bbox 1127 1730 2163 1782; baseline -0.008 -7"><span class='ocrx_word' id='word_1_754' title='bbox 1127 1735 1336 1775; x_wconf 73' lang='lat' dir='ltr'><em>contraiius</em></span> <span class='ocrx_word' id='word_1_755' title='bbox 1364 1736 1499 1782; x_wconf 86' lang='lat' dir='ltr'><em>initus,</em></span> <span class='ocrx_word' id='word_1_756' title='bbox 1535 1744 1598 1772; x_wconf 84' lang='lat' dir='ltr'><em>aut</em></span> <span class='ocrx_word' id='word_1_757' title='bbox 1620 1744 1679 1770; x_wconf 89' lang='lat' dir='ltr'><em>res</em></span> <span class='ocrx_word' id='word_1_758' title='bbox 1700 1730 1862 1779; x_wconf 72' lang='lat' dir='ltr'><em>religiosa</em></span> <span class='ocrx_word' id='word_1_759' title='bbox 1883 1757 1896 1777; x_wconf 89' lang='lat'>‚</span> <span class='ocrx_word' id='word_1_760' title='bbox 1936 1743 1995 1767; x_wconf 87' lang='lat' dir='ltr'><em>nec</em></span> <span class='ocrx_word' id='word_1_761' title='bbox 2015 1730 2074 1768; x_wconf 88' lang='lat' dir='ltr'><em>ubi</em></span> <span class='ocrx_word' id='word_1_762' title='bbox 2100 1730 2163 1767; x_wconf 88' lang='lat' dir='ltr'><em>do·</em></span> 
     </span>
     <span class='ocr_line' id='line_1_112' title="bbox 1133 1779 2163 1832; baseline -0.007 -9"><span class='ocrx_word' id='word_1_763' title='bbox 1133 1786 1301 1823; x_wconf 86' lang='lat' dir='ltr'><em>micilium</em></span> <span class='ocrx_word' id='word_1_764' title='bbox 1323 1783 1454 1823; x_wconf 82' lang='lat' dir='ltr'><em>habent</em></span> <span class='ocrx_word' id='word_1_765' title='bbox 1471 1809 1483 1828; x_wconf 88' lang='lat'>,</span> <span class='ocrx_word' id='word_1_766' title='bbox 1499 1781 1533 1828; x_wconf 80' lang='lat' dir='ltr'><strong><em>fi</em></strong></span> <span class='ocrx_word' id='word_1_767' title='bbox 1555 1782 1646 1819; x_wconf 89' lang='lat' dir='ltr'><em>alibi</em></span> <span class='ocrx_word' id='word_1_768' title='bbox 1665 1782 1874 1832; x_wconf 87' lang='lat' dir='ltr'><em>delinquant</em></span> <span class='ocrx_word' id='word_1_769' title='bbox 1897 1806 1908 1826; x_wconf 84' lang='lat'>,</span> <span class='ocrx_word' id='word_1_770' title='bbox 1942 1779 2001 1818; x_wconf 78' lang='lat' dir='ltr'><em>vel</em></span> <span class='ocrx_word' id='word_1_771' title='bbox 2023 1790 2163 1818; x_wconf 86' lang='lat' dir='ltr'><em>contra-</em></span> 
     </span>
     <span class='ocr_line' id='line_1_113' title="bbox 1134 1830 2162 1884; baseline -0.008 -10"><span class='ocrx_word' id='word_1_772' title='bbox 1134 1838 1220 1874; x_wconf 88' lang='lat' dir='ltr'><em>hant</em></span> <span class='ocrx_word' id='word_1_773' title='bbox 1234 1863 1246 1882; x_wconf 90' lang='lat'>,</span> <span class='ocrx_word' id='word_1_774' title='bbox 1271 1845 1336 1871; x_wconf 87' lang='lat' dir='ltr'><em>aut</em></span> <span class='ocrx_word' id='word_1_775' title='bbox 1359 1840 1413 1870; x_wconf 82' lang='lat' dir='ltr'><em>res</em></span> <span class='ocrx_word' id='word_1_776' title='bbox 1433 1831 1513 1884; x_wconf 85' lang='lat' dir='ltr'><em>ipsa</em></span> <span class='ocrx_word' id='word_1_777' title='bbox 1534 1830 1691 1878; x_wconf 83' lang='lat' dir='ltr'><em>confislat</em></span> <span class='ocrx_word' id='word_1_778' title='bbox 1704 1859 1716 1879; x_wconf 91' lang='lat'><em>,</em></span> <span class='ocrx_word' id='word_1_779' title='bbox 1741 1832 1918 1871; x_wconf 79' lang='lat' dir='ltr'><em>conveniri</em></span> <span class='ocrx_word' id='word_1_780' title='bbox 1935 1831 2073 1879; x_wconf 80' lang='lat' dir='ltr'><em>poffunt</em></span> <span class='ocrx_word' id='word_1_781' title='bbox 2097 1830 2162 1878; x_wconf 66' lang='lat' dir='ltr'><em>ali).</em></span> 
     </span>
     <span class='ocr_line' id='line_1_114' title="bbox 1130 1881 2164 1934; baseline -0.007 -10"><span class='ocrx_word' id='word_1_782' title='bbox 1130 1897 1310 1934; x_wconf 85' lang='lat' dir='ltr'><em>quatenus</em></span> <span class='ocrx_word' id='word_1_783' title='bbox 1327 1883 1435 1932; x_wconf 85' lang='lat' dir='ltr'><em>super</em></span> <span class='ocrx_word' id='word_1_784' title='bbox 1460 1881 1566 1926; x_wconf 70' lang='lat' dir='ltr'><em>iliis:</em></span> <span class='ocrx_word' id='word_1_785' title='bbox 1603 1895 1663 1919; x_wconf 87' lang='lat' dir='ltr'><em>nec</em></span> <span class='ocrx_word' id='word_1_786' title='bbox 1703 1881 1952 1920; x_wconf 82' lang='lat' dir='ltr'><em>domiciliorum</em></span> <span class='ocrx_word' id='word_1_787' title='bbox 1986 1884 2164 1929; x_wconf 68' lang='lat' dir='ltr'><em>pretextu</em></span> 
     </span>
     <span class='ocr_line' id='line_1_115' title="bbox 1132 1930 2163 1981; baseline -0.01 -6"><span class='ocrx_word' id='word_1_788' title='bbox 1132 1938 1280 1975; x_wconf 90' lang='lat' dir='ltr'><em>locorum</em></span> <span class='ocrx_word' id='word_1_789' title='bbox 1297 1931 1446 1981; x_wconf 77' lang='lat' dir='ltr'><em>Diotces</em></span> <span class='ocrx_word' id='word_1_790' title='bbox 1442 1946 1500 1971; x_wconf 85' lang='lat' dir='ltr'><em>am</em></span> <span class='ocrx_word' id='word_1_791' title='bbox 1517 1931 1568 1977; x_wconf 84' lang='lat' dir='ltr'><em>(si</em></span> <span class='ocrx_word' id='word_1_792' title='bbox 1592 1932 1652 1976; x_wconf 76' lang='lat' dir='ltr'><em>ubi</em></span> <span class='ocrx_word' id='word_1_793' title='bbox 1674 1932 1896 1981; x_wconf 78' lang='lat' dir='ltr'><em>deliquerunt</em></span> <span class='ocrx_word' id='word_1_794' title='bbox 1909 1957 1921 1976; x_wconf 91' lang='lat'><em>,</em></span> <span class='ocrx_word' id='word_1_795' title='bbox 1947 1930 2004 1967; x_wconf 84' lang='lat' dir='ltr'><em>vel</em></span> <span class='ocrx_word' id='word_1_796' title='bbox 2026 1941 2163 1966; x_wconf 85' lang='lat' dir='ltr'><em>contra-</em></span> 
     </span>
     <span class='ocr_line' id='line_1_116' title="bbox 1134 1978 2163 2030; baseline -0.011 -6"><span class='ocrx_word' id='word_1_797' title='bbox 1134 1996 1259 2024; x_wconf 83' lang='lat' dir='ltr'><em>xerunt</em></span> <span class='ocrx_word' id='word_1_798' title='bbox 1273 2011 1285 2030; x_wconf 89' lang='lat'>,</span> <span class='ocrx_word' id='word_1_799' title='bbox 1311 1995 1374 2022; x_wconf 87' lang='lat' dir='ltr'><em>aut</em></span> <span class='ocrx_word' id='word_1_800' title='bbox 1398 1995 1458 2020; x_wconf 79' lang='lat' dir='ltr'><em>res</em></span> <span class='ocrx_word' id='word_1_801' title='bbox 1479 1980 1559 2030; x_wconf 80' lang='lat' dir='ltr'><em>ipsa</em></span> <span class='ocrx_word' id='word_1_802' title='bbox 1590 1980 1735 2026; x_wconf 72' lang='lat' dir='ltr'><em>consistit</em></span> <span class='ocrx_word' id='word_1_803' title='bbox 1756 2009 1768 2027; x_wconf 91' lang='lat'>,</span> <span class='ocrx_word' id='word_1_804' title='bbox 1805 1981 1860 2019; x_wconf 89' lang='lat' dir='ltr'><em>illi</em></span> <span class='ocrx_word' id='word_1_805' title='bbox 1881 1978 2163 2026; x_wconf 79' lang='lat' dir='ltr'><em>conveniantur)</em></span> 
     </span>
     <span class='ocr_line' id='line_1_117' title="bbox 1132 2029 2158 2082; baseline -0.007 -10"><span class='ocrx_word' id='word_1_806' title='bbox 1132 2032 1340 2072; x_wconf 78' lang='lat' dir='ltr'><em>remittendi</em></span> <span class='ocrx_word' id='word_1_807' title='bbox 1357 2046 1414 2071; x_wconf 85' lang='lat' dir='ltr'><em>eos</em></span> <span class='ocrx_word' id='word_1_808' title='bbox 1428 2032 1536 2077; x_wconf 85' lang='lat' dir='ltr'><em>illuc,</em></span> <span class='ocrx_word' id='word_1_809' title='bbox 1563 2033 1622 2068; x_wconf 85' lang='lat' dir='ltr'><em>vel</em></span> <span class='ocrx_word' id='word_1_810' title='bbox 1643 2030 1721 2080; x_wconf 80' lang='lat' dir='ltr'><em>ipsis</em></span> <span class='ocrx_word' id='word_1_811' title='bbox 1742 2043 1783 2072; x_wconf 22' lang='lat' dir='ltr'><em>*ut</em></span> <span class='ocrx_word' id='word_1_812' title='bbox 1799 2031 1875 2071; x_wconf 84' lang='lat' dir='ltr'><em>illic</em></span> <span class='ocrx_word' id='word_1_813' title='bbox 1899 2029 2131 2082; x_wconf 75' lang='lat' dir='ltr'><em>respondeant</em></span> <span class='ocrx_word' id='word_1_814' title='bbox 2146 2056 2158 2076; x_wconf 84' lang='lat'>,</span> 
     </span>
     <span class='ocr_line' id='line_1_118' title="bbox 1129 2080 2166 2132; baseline -0.006 -10"><span class='ocrx_word' id='word_1_815' title='bbox 1129 2083 1340 2132; x_wconf 75' lang='lat' dir='ltr'><em>,injungendi</em></span> <span class='ocrx_word' id='word_1_816' title='bbox 1362 2083 1521 2130; x_wconf 83' lang='lat' dir='ltr'><em>aliquam</em></span> <span class='ocrx_word' id='word_1_817' title='bbox 1543 2081 1683 2121; x_wconf 43' lang='lat' dir='ltr'><em>&gt;habent</em></span> <span class='ocrx_word' id='word_1_818' title='bbox 1706 2080 1908 2131; x_wconf 73' lang='lat' dir='ltr'><em>potestatem</em></span> <span class='ocrx_word' id='word_1_819' title='bbox 1929 2095 1937 2119; x_wconf 91' lang='lat'>:</span> <span class='ocrx_word' id='word_1_820' title='bbox 1969 2080 2082 2130; x_wconf 82' lang='lat' dir='ltr'><em>salvis</em></span> <span class='ocrx_word' id='word_1_821' title='bbox 2108 2082 2166 2117; x_wconf 85' lang='lat' dir='ltr'><em>ni&#39;-</em></span> 
     </span>
     <span class='ocr_line' id='line_1_119' title="bbox 1133 2129 2166 2182; baseline -0.005 -10"><span class='ocrx_word' id='word_1_822' title='bbox 1133 2131 1320 2172; x_wconf 77' lang='lat' dir='ltr'><em>hilomintis</em></span> <span class='ocrx_word' id='word_1_823' title='bbox 1343 2131 1475 2178; x_wconf 82' lang='lat' dir='ltr'><em>casibus</em></span> <span class='ocrx_word' id='word_1_824' title='bbox 1500 2133 1613 2177; x_wconf 84' lang='lat' dir='ltr'><em>aliis,</em></span> <span class='ocrx_word' id='word_1_825' title='bbox 1639 2146 1674 2169; x_wconf 81' lang='lat' dir='ltr'><em>in</em></span> <span class='ocrx_word' id='word_1_826' title='bbox 1696 2132 1815 2182; x_wconf 85' lang='lat' dir='ltr'><em>quibus</em></span> <span class='ocrx_word' id='word_1_827' title='bbox 1840 2146 1897 2171; x_wconf 84' lang='lat' dir='ltr'><em>eos</em></span> <span class='ocrx_word' id='word_1_828' title='bbox 1910 2129 2166 2179; x_wconf 78' lang='lat' dir='ltr'><em>Episcoporum&#39;</em></span> 
     </span>
     <span class='ocr_line' id='line_1_120' title="bbox 1126 2180 2162 2232; baseline -0.005 -11"><span class='ocrx_word' id='word_1_829' title='bbox 1126 2183 1367 2232; x_wconf 66' lang='lat' dir='ltr'><em>jurisdieiiont</em></span> <span class='ocrx_word' id='word_1_830' title='bbox 1384 2181 1519 2231; x_wconf 80' lang='lat' dir='ltr'><em>subeffe</em></span> <span class='ocrx_word' id='word_1_831' title='bbox 1542 2184 1708 2221; x_wconf 87' lang='lat' dir='ltr'><em>canonica</em></span> <span class='ocrx_word' id='word_1_832' title='bbox 1727 2184 1935 2232; x_wconf 66' lang='lat' dir='ltr'><em>praecipiunt</em></span> <span class='ocrx_word' id='word_1_833' title='bbox 1958 2180 2123 2223; x_wconf 68' lang='lat' dir='ltr'><em>instituta</em></span> <span class='ocrx_word' id='word_1_834' title='bbox 2150 2210 2162 2219; x_wconf 88' lang='lat'><em>.</em></span> 
     </span>
     <span class='ocr_line' id='line_1_121' title="bbox 1134 2230 2164 2282; baseline -0.005 -10"><span class='ocrx_word' id='word_1_835' title='bbox 1134 2234 1189 2272; x_wconf 88' lang='lat' dir='ltr'><em>Et</em></span> <span class='ocrx_word' id='word_1_836' title='bbox 1204 2233 1358 2282; x_wconf 78' lang='lat' dir='ltr'><em>idipsum</em></span> <span class='ocrx_word' id='word_1_837' title='bbox 1379 2232 1598 2271; x_wconf 78' lang='lat' dir='ltr'><em>decernImus</em></span> <span class='ocrx_word' id='word_1_838' title='bbox 1622 2235 1717 2270; x_wconf 86' lang='lat' dir='ltr'><em>circa</em></span> <span class='ocrx_word' id='word_1_839' title='bbox 1741 2231 1819 2269; x_wconf 84' lang='lat' dir='ltr'><em>illos</em></span> <span class='ocrx_word' id='word_1_840' title='bbox 1834 2259 1845 2278; x_wconf 95' lang='lat'>‚</span> <span class='ocrx_word' id='word_1_841' title='bbox 1873 2230 2017 2280; x_wconf 85' lang='lat' dir='ltr'><em>quibus,</em></span> <span class='ocrx_word' id='word_1_842' title='bbox 2043 2236 2082 2268; x_wconf 87' lang='lat' dir='ltr'><em>ut</em></span> <span class='ocrx_word' id='word_1_843' title='bbox 2096 2243 2164 2267; x_wconf 77' lang='lat' dir='ltr'><em>non</em></span> 
     </span>
     <span class='ocr_line' id='line_1_122' title="bbox 1131 2279 2164 2330; baseline -0.003 -10"><span class='ocrx_word' id='word_1_844' title='bbox 1131 2283 1196 2328; x_wconf 82' lang='lat' dir='ltr'><em>nisi</em></span> <span class='ocrx_word' id='word_1_845' title='bbox 1215 2284 1281 2330; x_wconf 87' lang='lat' dir='ltr'><em>sub</em></span> <span class='ocrx_word' id='word_1_846' title='bbox 1306 2297 1373 2320; x_wconf 88' lang='lat' dir='ltr'><em>uno</em></span> <span class='ocrx_word' id='word_1_847' title='bbox 1402 2293 1495 2326; x_wconf 82' lang='lat' dir='ltr'><em>certo</em></span> <span class='ocrx_word' id='word_1_848' title='bbox 1519 2283 1644 2330; x_wconf 83' lang='lat' dir='ltr'><em>judice</em></span> <span class='ocrx_word' id='word_1_849' title='bbox 1665 2293 1853 2319; x_wconf 88' lang='lat' dir='ltr'><em>teneantur</em></span> <span class='ocrx_word' id='word_1_850' title='bbox 1875 2282 1924 2320; x_wconf 87' lang='lat' dir='ltr'><em>de</em></span> <span class='ocrx_word' id='word_1_851' title='bbox 1949 2279 1988 2329; x_wconf 80' lang='lat' dir='ltr'><em>se</em></span> <span class='ocrx_word' id='word_1_852' title='bbox 2017 2291 2164 2328; x_wconf 85' lang='lat' dir='ltr'><em>conque-</em></span> 
     </span>
     <span class='ocr_line' id='line_1_123' title="bbox 1128 2327 2159 2383; baseline -0.004 -14"><span class='ocrx_word' id='word_1_853' title='bbox 1128 2333 1287 2370; x_wconf 85' lang='lat' dir='ltr'><em>rentibus</em></span> <span class='ocrx_word' id='word_1_854' title='bbox 1311 2332 1540 2380; x_wconf 85' lang='lat' dir='ltr'><em>respondere‚</em></span> <span class='ocrx_word' id='word_1_855' title='bbox 1572 2331 1762 2383; x_wconf 68' lang='lat' dir='ltr'><em>Apostolico</em></span> <span class='ocrx_word' id='word_1_856' title='bbox 1793 2331 1979 2380; x_wconf 84' lang='lat' dir='ltr'><em>privilegio</em></span> <span class='ocrx_word' id='word_1_857' title='bbox 2007 2327 2056 2372; x_wconf 69' lang='lat' dir='ltr'><em>eli</em></span> <span class='ocrx_word' id='word_1_858' title='bbox 2079 2342 2159 2366; x_wconf 86' lang='lat' dir='ltr'><em>con-</em></span> 
     </span>
     <span class='ocr_line' id='line_1_124' title="bbox 1127 2376 2164 2431; baseline -0.003 -13"><span class='ocrx_word' id='word_1_859' title='bbox 1127 2382 1272 2428; x_wconf 79' lang='lat' dir='ltr'><em>ceffum.</em></span> <span class='ocrx_word' id='word_1_860' title='bbox 1301 2381 1346 2420; x_wconf 88' lang='lat' dir='ltr'><em>In</em></span> <span class='ocrx_word' id='word_1_861' title='bbox 1367 2394 1426 2418; x_wconf 82' lang='lat' dir='ltr'><em>eos</em></span> <span class='ocrx_word' id='word_1_862' title='bbox 1439 2393 1581 2426; x_wconf 85' lang='lat' dir='ltr'><em>autem,</em></span> <span class='ocrx_word' id='word_1_863' title='bbox 1608 2382 1733 2431; x_wconf 79' lang='lat' dir='ltr'><em>quibus</em></span> <span class='ocrx_word' id='word_1_864' title='bbox 1750 2394 1791 2417; x_wconf 89' lang='lat' dir='ltr'><em>ne</em></span> <span class='ocrx_word' id='word_1_865' title='bbox 1804 2380 1995 2424; x_wconf 84' lang='lat' dir='ltr'><em>interdici,</em></span> <span class='ocrx_word' id='word_1_866' title='bbox 2017 2376 2164 2427; x_wconf 81' lang='lat' dir='ltr'><em>suspen·</em></span> 
     </span>
     <span class='ocr_line' id='line_1_125' title="bbox 1127 2426 2156 2481; baseline -0.004 -12"><span class='ocrx_word' id='word_1_867' title='bbox 1127 2431 1197 2478; x_wconf 85' lang='lat' dir='ltr'><em>di,</em></span> <span class='ocrx_word' id='word_1_868' title='bbox 1222 2431 1280 2467; x_wconf 83' lang='lat' dir='ltr'><em>vel</em></span> <span class='ocrx_word' id='word_1_869' title='bbox 1299 2433 1592 2469; x_wconf 80' lang='lat' dir='ltr'><em>excommunicari</em></span> <span class='ocrx_word' id='word_1_870' title='bbox 1609 2434 1635 2468; x_wconf 76' lang='lat' dir='ltr'><em>a</em></span> <span class='ocrx_word' id='word_1_871' title='bbox 1652 2444 1823 2481; x_wconf 86' lang='lat' dir='ltr'><em>quoquam</em></span> <span class='ocrx_word' id='word_1_872' title='bbox 1849 2430 1998 2466; x_wconf 82' lang='lat' dir='ltr'><em>valeant</em></span> <span class='ocrx_word' id='word_1_873' title='bbox 2012 2454 2024 2469; x_wconf 75' lang='lat'>,</span> <span class='ocrx_word' id='word_1_874' title='bbox 2051 2426 2156 2465; x_wconf 75' lang='lat' dir='ltr'><em>aSe-</em></span> 
     </span>
     <span class='ocr_line' id='line_1_126' title="bbox 1127 2476 2155 2529; baseline -0.003 -11"><span class='ocrx_word' id='word_1_875' title='bbox 1127 2481 1178 2519; x_wconf 75' lang='lat' dir='ltr'><em>‚de</em></span> <span class='ocrx_word' id='word_1_876' title='bbox 1208 2479 1409 2529; x_wconf 67' lang='lat' dir='ltr'><em>Apostolica</em></span> <span class='ocrx_word' id='word_1_877' title='bbox 1432 2478 1478 2526; x_wconf 70' lang='lat' dir='ltr'><em>esi</em></span> <span class='ocrx_word' id='word_1_878' title='bbox 1501 2479 1678 2518; x_wconf 89' lang='lat' dir='ltr'><em>indultum</em></span> <span class='ocrx_word' id='word_1_879' title='bbox 1700 2504 1713 2525; x_wconf 87' lang='lat'>,</span> <span class='ocrx_word' id='word_1_880' title='bbox 1754 2477 1843 2524; x_wconf 79' lang='lat' dir='ltr'><em>ficut</em></span> <span class='ocrx_word' id='word_1_881' title='bbox 1879 2478 1957 2526; x_wconf 79' lang='lat' dir='ltr'><em>sunt</em></span> <span class='ocrx_word' id='word_1_882' title='bbox 1988 2476 2155 2526; x_wconf 73' lang='lat' dir='ltr'><em>Religiofi</em></span> 
     </span>
     <span class='ocr_line' id='line_1_127' title="bbox 1130 2528 2160 2580; baseline -0.004 -12"><span class='ocrx_word' id='word_1_883' title='bbox 1130 2531 1351 2580; x_wconf 85' lang='lat' dir='ltr'><em>quamplures</em></span> <span class='ocrx_word' id='word_1_884' title='bbox 1364 2555 1375 2572; x_wconf 93' lang='lat'>‚</span> <span class='ocrx_word' id='word_1_885' title='bbox 1402 2531 1439 2566; x_wconf 88' lang='lat' dir='ltr'><em>in</em></span> <span class='ocrx_word' id='word_1_886' title='bbox 1459 2542 1600 2579; x_wconf 80' lang='lat' dir='ltr'><em>quorum</em></span> <span class='ocrx_word' id='word_1_887' title='bbox 1619 2528 1823 2578; x_wconf 80' lang='lat' dir='ltr'><em>privilegiis</em></span> <span class='ocrx_word' id='word_1_888' title='bbox 1845 2532 2040 2568; x_wconf 83' lang='lat' dir='ltr'><em>continetur</em></span> <span class='ocrx_word' id='word_1_889' title='bbox 2061 2553 2074 2571; x_wconf 88' lang='lat'>‚</span> <span class='ocrx_word' id='word_1_890' title='bbox 2113 2539 2160 2564; x_wconf 83' lang='lat' dir='ltr'><em>ne</em></span> 
     </span>
     <span class='ocr_line' id='line_1_128' title="bbox 1128 2577 2157 2630; baseline -0.007 -12"><span class='ocrx_word' id='word_1_891' title='bbox 1128 2579 1316 2630; x_wconf 84' lang='lat' dir='ltr'><em>quisquam</em></span> <span class='ocrx_word' id='word_1_892' title='bbox 1337 2578 1532 2627; x_wconf 80' lang='lat' dir='ltr'><em>Episcopus</em></span> <span class='ocrx_word' id='word_1_893' title='bbox 1556 2577 1843 2623; x_wconf 74' lang='lat' dir='ltr'><em>Monafteriorum</em></span> <span class='ocrx_word' id='word_1_894' title='bbox 1870 2577 2010 2625; x_wconf 82' lang='lat' dir='ltr'><em>suorum</em></span> <span class='ocrx_word' id='word_1_895' title='bbox 2030 2577 2157 2614; x_wconf 82' lang='lat' dir='ltr'><em>Mona-</em></span> 
     </span>
     <span class='ocr_line' id='line_1_129' title="bbox 1129 2624 2159 2680; baseline -0.006 -12"><span class='ocrx_word' id='word_1_896' title='bbox 1129 2634 1210 2668; x_wconf 84' lang='lat' dir='ltr'><em>chos</em></span> <span class='ocrx_word' id='word_1_897' title='bbox 1222 2642 1285 2680; x_wconf 87' lang='lat' dir='ltr'><em>pro</em></span> <span class='ocrx_word' id='word_1_898' title='bbox 1299 2627 1373 2667; x_wconf 90' lang='lat' dir='ltr'><em>ulla</em></span> <span class='ocrx_word' id='word_1_899' title='bbox 1386 2629 1494 2676; x_wconf 82' lang='lat' dir='ltr'><em>causa</em></span> <span class='ocrx_word' id='word_1_900' title='bbox 1505 2655 1518 2676; x_wconf 91' lang='lat'><em>‚</em></span> <span class='ocrx_word' id='word_1_901' title='bbox 1543 2629 1656 2667; x_wconf 82' lang='lat' dir='ltr'><em>ullove</em></span> <span class='ocrx_word' id='word_1_902' title='bbox 1676 2629 1748 2666; x_wconf 92' lang='lat' dir='ltr'><em>loco</em></span> <span class='ocrx_word' id='word_1_903' title='bbox 1761 2628 1971 2666; x_wconf 86' lang='lat' dir='ltr'><em>interdicere</em></span> <span class='ocrx_word' id='word_1_904' title='bbox 1982 2654 1993 2674; x_wconf 90' lang='lat'>‚</span> <span class='ocrx_word' id='word_1_905' title='bbox 2015 2624 2159 2675; x_wconf 85' lang='lat' dir='ltr'><em>suspen-</em></span> 
     </span>
     <span class='ocr_line' id='line_1_130' title="bbox 1131 2676 2164 2729; baseline -0.009 -11"><span class='ocrx_word' id='word_1_906' title='bbox 1131 2683 1240 2725; x_wconf 85' lang='lat' dir='ltr'><em>dere,</em></span> <span class='ocrx_word' id='word_1_907' title='bbox 1267 2680 1325 2717; x_wconf 86' lang='lat' dir='ltr'><em>vel</em></span> <span class='ocrx_word' id='word_1_908' title='bbox 1347 2681 1645 2717; x_wconf 82' lang='lat' dir='ltr'><em>excommunicare</em></span> <span class='ocrx_word' id='word_1_909' title='bbox 1664 2678 1855 2729; x_wconf 70' lang='lat' dir='ltr'><em>prasumat</em></span> <span class='ocrx_word' id='word_1_910' title='bbox 1875 2689 1885 2716; x_wconf 73' lang='grc' dir='ltr'>ε</span> <span class='ocrx_word' id='word_1_911' title='bbox 1923 2677 2030 2716; x_wconf 87' lang='lat' dir='ltr'><em>iidem</em></span> <span class='ocrx_word' id='word_1_912' title='bbox 2047 2676 2164 2714; x_wconf 79' lang='lat' dir='ltr'><em>Ordi-</em></span> 
     </span>
     <span class='ocr_line' id='line_1_131' title="bbox 1132 2725 2156 2780; baseline -0.004 -13"><span class='ocrx_word' id='word_1_913' title='bbox 1132 2732 1226 2767; x_wconf 80' lang='lat' dir='ltr'><em>narii</em></span> <span class='ocrx_word' id='word_1_914' title='bbox 1237 2728 1628 2780; x_wconf 73' lang='lat' dir='ltr'><em>jurisdic‘it&#39;onemsuam</em></span> <span class='ocrx_word' id='word_1_915' title='bbox 1642 2754 1653 2774; x_wconf 89' lang='lat'>‚</span> <span class='ocrx_word' id='word_1_916' title='bbox 1681 2738 1848 2778; x_wconf 88' lang='lat' dir='ltr'><em>quantum</em></span> <span class='ocrx_word' id='word_1_917' title='bbox 1869 2727 1924 2766; x_wconf 86' lang='lat' dir='ltr'><em>ad</em></span> <span class='ocrx_word' id='word_1_918' title='bbox 1946 2725 2011 2770; x_wconf 77' lang='lat' dir='ltr'><em>isla</em></span> <span class='ocrx_word' id='word_1_919' title='bbox 2031 2753 2045 2773; x_wconf 89' lang='lat'><em>,</em></span> <span class='ocrx_word' id='word_1_920' title='bbox 2080 2725 2156 2764; x_wconf 87' lang='lat' dir='ltr'><em>ubi-</em></span> 
     </span>
     <span class='ocr_line' id='line_1_132' title="bbox 1128 2775 2161 2829; baseline -0.006 -10"><span class='ocrx_word' id='word_1_921' title='bbox 1128 2793 1273 2829; x_wconf 80' lang='lat' dir='ltr'><em>cumque</em></span> <span class='ocrx_word' id='word_1_922' title='bbox 1296 2779 1350 2817; x_wconf 88' lang='lat' dir='ltr'><em>illi</em></span> <span class='ocrx_word' id='word_1_923' title='bbox 1367 2778 1527 2829; x_wconf 80' lang='lat' dir='ltr'><em>fuerint,</em></span> <span class='ocrx_word' id='word_1_924' title='bbox 1550 2775 1693 2826; x_wconf 69' lang='lat' dir='ltr'><em>penitus</em></span> <span class='ocrx_word' id='word_1_925' title='bbox 1715 2790 1877 2814; x_wconf 87' lang='lat' dir='ltr'><em>exercere</em></span> <span class='ocrx_word' id='word_1_926' title='bbox 1899 2790 1964 2814; x_wconf 83' lang='lat' dir='ltr'><em>non</em></span> <span class='ocrx_word' id='word_1_927' title='bbox 1982 2776 2118 2824; x_wconf 84' lang='lat' dir='ltr'><em>poffunt</em></span> <span class='ocrx_word' id='word_1_928' title='bbox 2146 2798 2161 2813; x_wconf 66' lang='lat'><em>.=</em></span> 
     </span>
     <span class='ocr_line' id='line_1_133' title="bbox 1131 2824 2160 2877; baseline -0.006 -9"><span class='ocrx_word' id='word_1_929' title='bbox 1131 2831 1175 2868; x_wconf 92' lang='lat' dir='ltr'><strong><em>N</em></strong></span> <span class='ocrx_word' id='word_1_930' title='bbox 1178 2829 1217 2875; x_wconf 66' lang='lat' dir='ltr'><em>1st</em></span> <span class='ocrx_word' id='word_1_931' title='bbox 1225 2829 1352 2877; x_wconf 85' lang='lat' dir='ltr'><em>forsan</em></span> <span class='ocrx_word' id='word_1_932' title='bbox 1366 2827 1430 2876; x_wconf 76' lang='lat' dir='ltr'><em>ipsi</em></span> <span class='ocrx_word' id='word_1_933' title='bbox 1444 2828 1616 2868; x_wconf 87' lang='lat' dir='ltr'><em>Monachi</em></span> <span class='ocrx_word' id='word_1_934' title='bbox 1637 2827 1690 2863; x_wconf 85' lang='lat' dir='ltr'><em>ad</em></span> <span class='ocrx_word' id='word_1_935' title='bbox 1709 2824 1992 2870; x_wconf 77' lang='lat' dir='ltr'><em>Monasleriorum</em></span> <span class='ocrx_word' id='word_1_936' title='bbox 2013 2826 2160 2870; x_wconf 71' lang='lat' dir='ltr'><em>suorum</em></span> 
     </span>
     <span class='ocr_line' id='line_1_134' title="bbox 1125 2873 2161 2933; baseline -0.005 -16"><span class='ocrx_word' id='word_1_937' title='bbox 1125 2883 1310 2933; x_wconf 83' lang='lat' dir='ltr'><em>prioratus</em></span> <span class='ocrx_word' id='word_1_938' title='bbox 1324 2878 1537 2916; x_wconf 80' lang='lat' dir='ltr'><em>ordinariis</em></span> <span class='ocrx_word' id='word_1_939' title='bbox 1559 2875 1690 2924; x_wconf 85' lang='lat' dir='ltr'><em>eisdem</em></span> <span class='ocrx_word' id='word_1_940' title='bbox 1706 2875 1879 2925; x_wconf 71' lang='lat' dir='ltr'><em>subjeHos</em></span> <span class='ocrx_word' id='word_1_941' title='bbox 1893 2901 1903 2919; x_wconf 94' lang='lat'>‚</span> <span class='ocrx_word' id='word_1_942' title='bbox 1927 2873 1991 2920; x_wconf 90' lang='lat' dir='ltr'><em>(ut</em></span> <span class='ocrx_word' id='word_1_943' title='bbox 2016 2874 2075 2911; x_wconf 84' lang='lat' dir='ltr'><em>vel</em></span> <span class='ocrx_word' id='word_1_944' title='bbox 2094 2887 2161 2920; x_wconf 87' lang='lat' dir='ltr'><em>ge-</em></span> 
     </span>
     <span class='ocr_line' id='line_1_135' title="bbox 1128 2922 2155 2975; baseline -0.005 -8"><span class='ocrx_word' id='word_1_945' title='bbox 1128 2940 1212 2968; x_wconf 88' lang='lat' dir='ltr'><em>rant</em></span> <span class='ocrx_word' id='word_1_946' title='bbox 1228 2941 1340 2966; x_wconf 88' lang='lat' dir='ltr'><em>eorum</em></span> <span class='ocrx_word' id='word_1_947' title='bbox 1354 2930 1525 2975; x_wconf 81' lang='lat' dir='ltr'><em>regimen,</em></span> <span class='ocrx_word' id='word_1_948' title='bbox 1548 2926 1605 2964; x_wconf 86' lang='lat' dir='ltr'><em>vel</em></span> <span class='ocrx_word' id='word_1_949' title='bbox 1618 2928 1654 2962; x_wconf 88' lang='lat' dir='ltr'><em>in</em></span> <span class='ocrx_word' id='word_1_950' title='bbox 1668 2929 1720 2963; x_wconf 86' lang='lat' dir='ltr'><em>eis</em></span> <span class='ocrx_word' id='word_1_951' title='bbox 1735 2938 1903 2973; x_wconf 84' lang='lat' dir='ltr'><em>tanquam</em></span> <span class='ocrx_word' id='word_1_952' title='bbox 1913 2926 2049 2973; x_wconf 82' lang='lat' dir='ltr'><em>proprii</em></span> <span class='ocrx_word' id='word_1_953' title='bbox 2062 2922 2155 2972; x_wconf 84' lang='lat' dir='ltr'><em>ipso-</em></span> 
     </span>
     <span class='ocr_line' id='line_1_136' title="bbox 1129 2972 2158 3023; baseline -0.007 -6"><span class='ocrx_word' id='word_1_954' title='bbox 1129 2993 1207 3017; x_wconf 87' lang='lat' dir='ltr'><em>rum</em></span> <span class='ocrx_word' id='word_1_955' title='bbox 1221 2979 1369 3017; x_wconf 88' lang='lat' dir='ltr'><em>locorum</em></span> <span class='ocrx_word' id='word_1_956' title='bbox 1384 2976 1555 3014; x_wconf 77' lang='lat' dir='ltr'><em>Monachi&#39;</em></span> <span class='ocrx_word' id='word_1_957' title='bbox 1565 2973 1743 3019; x_wconf 82' lang='lat' dir='ltr'><em>resideant</em></span> <span class='ocrx_word' id='word_1_958' title='bbox 1756 2977 1772 3022; x_wconf 91' lang='lat'><em>)</em></span> <span class='ocrx_word' id='word_1_959' title='bbox 1786 2974 1928 3023; x_wconf 84' lang='lat' dir='ltr'><em>fuerint</em></span> <span class='ocrx_word' id='word_1_960' title='bbox 1948 2972 2119 3017; x_wconf 75' lang='lat' dir='ltr'><em>destinati</em></span> <span class='ocrx_word' id='word_1_961' title='bbox 2145 2984 2158 3019; x_wconf 92' lang='lat'>;</span> 
     </span>
     <span class='ocr_line' id='line_1_137' title="bbox 1128 3022 2162 3074; baseline -0.01 -5"><span class='ocrx_word' id='word_1_962' title='bbox 1128 3041 1210 3069; x_wconf 84' lang='lat' dir='ltr'><em>tunc</em></span> <span class='ocrx_word' id='word_1_963' title='bbox 1225 3033 1314 3067; x_wconf 87' lang='lat' dir='ltr'><em>enim</em></span> <span class='ocrx_word' id='word_1_964' title='bbox 1329 3026 1390 3072; x_wconf 83' lang='lat' dir='ltr'><em>etfi</em></span> <span class='ocrx_word' id='word_1_965' title='bbox 1403 3026 1510 3063; x_wconf 70' lang='lat' dir='ltr'><em>libere</em></span> <span class='ocrx_word' id='word_1_966' title='bbox 1531 3023 1649 3074; x_wconf 83' lang='lat' dir='ltr'><em>poffint</em></span> <span class='ocrx_word' id='word_1_967' title='bbox 1664 3024 1716 3060; x_wconf 88' lang='lat' dir='ltr'><em>ad</em></span> <span class='ocrx_word' id='word_1_968' title='bbox 1731 3024 1858 3061; x_wconf 87' lang='lat' dir='ltr'><em>eadem</em></span> <span class='ocrx_word' id='word_1_969' title='bbox 1873 3022 2086 3070; x_wconf 80' lang='lat' dir='ltr'><em>monasteria</em></span> <span class='ocrx_word' id='word_1_970' title='bbox 2105 3035 2162 3060; x_wconf 82' lang='lat' dir='ltr'><em>re-</em></span> 
     </span>
     <span class='ocr_line' id='line_1_138' title="bbox 1129 3071 2162 3123; baseline -0.006 -7"><span class='ocrx_word' id='word_1_971' title='bbox 1129 3082 1254 3116; x_wconf 86' lang='lat' dir='ltr'><em>vocari</em></span> <span class='ocrx_word' id='word_1_972' title='bbox 1272 3091 1280 3117; x_wconf 93' lang='lat'><strong>:</strong></span> <span class='ocrx_word' id='word_1_973' title='bbox 1306 3091 1349 3115; x_wconf 88' lang='lat' dir='ltr'><em>ac</em></span> <span class='ocrx_word' id='word_1_974' title='bbox 1372 3089 1448 3115; x_wconf 90' lang='lat' dir='ltr'><em>tam</em></span> <span class='ocrx_word' id='word_1_975' title='bbox 1476 3075 1611 3114; x_wconf 87' lang='lat' dir='ltr'><em>illorum</em></span> <span class='ocrx_word' id='word_1_976' title='bbox 1636 3076 1745 3123; x_wconf 68' lang='lat' dir='ltr'><em>quam</em></span> <span class='ocrx_word' id='word_1_977' title='bbox 1769 3071 1917 3122; x_wconf 81' lang='lat' dir='ltr'><em>ipsorum</em></span> <span class='ocrx_word' id='word_1_978' title='bbox 1938 3075 2162 3122; x_wconf 81' lang='lat' dir='ltr'><em>prioratuum</em></span> 
     </span>
     <span class='ocr_line' id='line_1_139' title="bbox 1132 3122 2159 3175; baseline -0.012 -7"><span class='ocrx_word' id='word_1_979' title='bbox 1132 3128 1303 3168; x_wconf 81' lang='lat' dir='ltr'><em>Monachi</em></span> <span class='ocrx_word' id='word_1_980' title='bbox 1317 3137 1542 3175; x_wconf 83' lang='lat' dir='ltr'><em>reputentur,</em></span> <span class='ocrx_word' id='word_1_981' title='bbox 1575 3122 1672 3170; x_wconf 73' lang='lat' dir='ltr'><em>(etim</em></span> <span class='ocrx_word' id='word_1_982' title='bbox 1687 3123 1804 3170; x_wconf 80' lang='lat' dir='ltr'><em>nonsit</em></span> <span class='ocrx_word' id='word_1_983' title='bbox 1819 3125 2062 3161; x_wconf 82' lang='lat' dir='ltr'><em>inconveniens</em></span> <span class='ocrx_word' id='word_1_984' title='bbox 2088 3122 2159 3159; x_wconf 83' lang='lat' dir='ltr'><em>ali.</em></span> 
     </span>
     <span class='ocr_line' id='line_1_140' title="bbox 1128 3172 2159 3228; baseline -0.007 -12"><span class='ocrx_word' id='word_1_985' title='bbox 1128 3192 1231 3228; x_wconf 86' lang='lat' dir='ltr'><em>quem</em></span> <span class='ocrx_word' id='word_1_986' title='bbox 1244 3176 1422 3227; x_wconf 84' lang='lat' dir='ltr'><em>utrobique</em></span> <span class='ocrx_word' id='word_1_987' title='bbox 1443 3175 1549 3213; x_wconf 91' lang='lat' dir='ltr'><em>locum</em></span> <span class='ocrx_word' id='word_1_988' title='bbox 1563 3174 1692 3212; x_wconf 86' lang='lat' dir='ltr'><em>babere</em></span> <span class='ocrx_word' id='word_1_989' title='bbox 1707 3173 1969 3220; x_wconf 87' lang='lat' dir='ltr'><em>monachicum)</em></span> <span class='ocrx_word' id='word_1_990' title='bbox 1987 3187 2090 3209; x_wconf 90' lang='lat' dir='ltr'><em>unum</em></span> <span class='ocrx_word' id='word_1_991' title='bbox 2106 3172 2159 3209; x_wconf 91' lang='lat' dir='ltr'><em>al.</em></span> 
     </span>
     <span class='ocr_line' id='line_1_141' title="bbox 1128 3221 2159 3275; baseline -0.01 -7"><span class='ocrx_word' id='word_1_992' title='bbox 1128 3230 1198 3268; x_wconf 82' lang='lat' dir='ltr'><em>teri</em></span> <span class='ocrx_word' id='word_1_993' title='bbox 1215 3227 1346 3275; x_wconf 78' lang='lat' dir='ltr'><em>subeffe</em></span> <span class='ocrx_word' id='word_1_994' title='bbox 1363 3224 1583 3275; x_wconf 84' lang='lat' dir='ltr'><em>Monasterio</em></span> <span class='ocrx_word' id='word_1_995' title='bbox 1597 3251 1609 3270; x_wconf 87' lang='lat'>,</span> <span class='ocrx_word' id='word_1_996' title='bbox 1636 3224 1695 3261; x_wconf 85' lang='lat' dir='ltr'><em>vel</em></span> <span class='ocrx_word' id='word_1_997' title='bbox 1710 3224 1756 3261; x_wconf 90' lang='lat' dir='ltr'><em>ab</em></span> <span class='ocrx_word' id='word_1_998' title='bbox 1773 3222 1843 3271; x_wconf 85' lang='lat' dir='ltr'><em>ipso</em></span> <span class='ocrx_word' id='word_1_999' title='bbox 1858 3221 2010 3269; x_wconf 68' lang='lat' dir='ltr'><em>noscitur</em></span> <span class='ocrx_word' id='word_1_1000' title='bbox 2028 3222 2159 3271; x_wconf 83' lang='lat' dir='ltr'><em>depen-</em></span> 
     </span>
     <span class='ocr_line' id='line_1_142' title="bbox 1129 3271 2159 3318; baseline -0.007 -4"><span class='ocrx_word' id='word_1_1001' title='bbox 1129 3279 1215 3318; x_wconf 83' lang='lat' dir='ltr'><em>dere</em></span> <span class='ocrx_word' id='word_1_1002' title='bbox 1227 3292 1240 3317; x_wconf 91' lang='lat'><em>.·</em></span> <span class='ocrx_word' id='word_1_1003' title='bbox 1250 3279 1384 3316; x_wconf 74' lang='lat' dir='ltr'><em>ratIone</em></span> <span class='ocrx_word' id='word_1_1004' title='bbox 1399 3288 1517 3314; x_wconf 88' lang='lat' dir='ltr'><em>tamen</em></span> <span class='ocrx_word' id='word_1_1005' title='bbox 1532 3274 1729 3313; x_wconf 84' lang='lat' dir='ltr'><em>eorumdem</em></span> <span class='ocrx_word' id='word_1_1006' title='bbox 1739 3275 1967 3312; x_wconf 87' lang='lat' dir='ltr'><em>Prioratuum</em></span> <span class='ocrx_word' id='word_1_1007' title='bbox 1987 3271 2077 3311; x_wconf 68' lang='lat' dir='ltr'><em>dieti</em></span> <span class='ocrx_word' id='word_1_1008' title='bbox 2087 3274 2159 3310; x_wconf 84' lang='lat' dir='ltr'><em>Or-</em></span> 
     </span>
     <span class='ocr_line' id='line_1_143' title="bbox 1130 3321 2158 3376; baseline -0.008 -10"><span class='ocrx_word' id='word_1_1009' title='bbox 1130 3330 1266 3366; x_wconf 87' lang='lat' dir='ltr'><em>dinarii</em></span> <span class='ocrx_word' id='word_1_1010' title='bbox 1280 3325 1350 3374; x_wconf 82' lang='lat' dir='ltr'><em>sua</em></span> <span class='ocrx_word' id='word_1_1011' title='bbox 1362 3324 1607 3376; x_wconf 69' lang='lat' dir='ltr'><em>jurisdiiiione</em></span> <span class='ocrx_word' id='word_1_1012' title='bbox 1622 3327 1658 3360; x_wconf 77' lang='lat' dir='ltr'><em>in</em></span> <span class='ocrx_word' id='word_1_1013' title='bbox 1673 3322 1756 3372; x_wconf 61' lang='grc' dir='ltr'><em>ἱρῆς</em></span> <span class='ocrx_word' id='word_1_1014' title='bbox 1767 3350 1780 3370; x_wconf 85' lang='grc'>,</span> <span class='ocrx_word' id='word_1_1015' title='bbox 1804 3325 1915 3360; x_wconf 86' lang='lat' dir='ltr'><em>etiam</em></span> <span class='ocrx_word' id='word_1_1016' title='bbox 1937 3321 2056 3370; x_wconf 89' lang='lat' dir='ltr'><em>quoad</em></span> <span class='ocrx_word' id='word_1_1017' title='bbox 2066 3333 2158 3370; x_wconf 68' lang='lat' dir='ltr'><em>prx-</em></span> 
     </span>
     <span class='ocr_line' id='line_1_144' title="bbox 1129 3371 2157 3425; baseline -0.007 -10"><span class='ocrx_word' id='word_1_1018' title='bbox 1129 3378 1229 3419; x_wconf 67' lang='lat' dir='ltr'><em>milsa</em></span> <span class='ocrx_word' id='word_1_1019' title='bbox 1243 3405 1253 3423; x_wconf 93' lang='lat'>‚</span> <span class='ocrx_word' id='word_1_1020' title='bbox 1281 3376 1443 3425; x_wconf 85' lang='lat' dir='ltr'><em>quandiu</em></span> <span class='ocrx_word' id='word_1_1021' title='bbox 1459 3385 1636 3411; x_wconf 81' lang='lat' dir='ltr'><em>morantur</em></span> <span class='ocrx_word' id='word_1_1022' title='bbox 1653 3375 1689 3410; x_wconf 84' lang='lat' dir='ltr'><em>in</em></span> <span class='ocrx_word' id='word_1_1023' title='bbox 1704 3373 1776 3410; x_wconf 84' lang='lat' dir='ltr'><em>illis</em></span> <span class='ocrx_word' id='word_1_1024' title='bbox 1789 3399 1800 3417; x_wconf 95' lang='lat'>,</span> <span class='ocrx_word' id='word_1_1025' title='bbox 1829 3372 1923 3409; x_wconf 86' lang='lat' dir='ltr'><em>licite</em></span> <span class='ocrx_word' id='word_1_1026' title='bbox 1937 3374 1990 3408; x_wconf 81' lang='lat' dir='ltr'><em>uti</em></span> <span class='ocrx_word' id='word_1_1027' title='bbox 2004 3371 2157 3417; x_wconf 80' lang='lat' dir='ltr'><em>poffunt.</em></span> 
     </span>
    </p>

    <p class='ocr_par' dir='ltr' id='par_1_30' title="bbox 1130 3419 2159 3512">
     <span class='ocr_line' id='line_1_145' title="bbox 1170 3419 2159 3467; baseline -0.008 -6"><span class='ocrx_word' id='word_1_1028' title='bbox 1170 3426 1211 3461; x_wconf 91' lang='lat' dir='ltr'><em>C.</em></span> <span class='ocrx_word' id='word_1_1029' title='bbox 1224 3427 1299 3459; x_wconf 88' lang='lat' dir='ltr'><em>1.de</em></span> <span class='ocrx_word' id='word_1_1030' title='bbox 1308 3424 1424 3467; x_wconf 82' lang='lat' dir='ltr'><em>privile</em></span> <span class='ocrx_word' id='word_1_1031' title='bbox 1447 3424 1485 3458; x_wconf 83' lang='lat' dir='ltr'><em>iis</em></span> <span class='ocrx_word' id='word_1_1032' title='bbox 1495 3423 1529 3457; x_wconf 87' lang='lat' dir='ltr'><em>in</em></span> <span class='ocrx_word' id='word_1_1033' title='bbox 1538 3426 1567 3456; x_wconf 94' lang='lat'><em>6.</em></span> <span class='ocrx_word' id='word_1_1034' title='bbox 1578 3422 1667 3456; x_wconf 86' lang='lat' dir='ltr'><em>Vide</em></span> <span class='ocrx_word' id='word_1_1035' title='bbox 1684 3421 1769 3457; x_wconf 63' lang='lat' dir='ltr'><em>inssi</em></span> <span class='ocrx_word' id='word_1_1036' title='bbox 1777 3420 1972 3455; x_wconf 81' lang='lat' dir='ltr'><em>Concilium</em></span> <span class='ocrx_word' id='word_1_1037' title='bbox 1981 3419 2159 3454; x_wconf 78' lang='lat' dir='ltr'><em>Tridenti-</em></span> 
     </span>
     <span class='ocr_line' id='line_1_146' title="bbox 1130 3461 2153 3512; baseline -0.009 -9"><span class='ocrx_word' id='word_1_1038' title='bbox 1130 3480 1210 3503; x_wconf 91' lang='lat' dir='ltr'><em>num</em></span> <span class='ocrx_word' id='word_1_1039' title='bbox 1227 3467 1291 3502; x_wconf 71' lang='lat' dir='ltr'><em>less.</em></span> <span class='ocrx_word' id='word_1_1040' title='bbox 1301 3469 1382 3512; x_wconf 73' lang='lat' dir='ltr'><em>7-de</em></span> <span class='ocrx_word' id='word_1_1041' title='bbox 1391 3478 1423 3501; x_wconf 83' lang='lat' dir='ltr'><em>rc</em></span> <span class='ocrx_word' id='word_1_1042' title='bbox 1438 3477 1522 3501; x_wconf 72' lang='lat' dir='ltr'><em>one.</em></span> <span class='ocrx_word' id='word_1_1043' title='bbox 1536 3475 1582 3506; x_wconf 80' lang='lat'><em>14.</em></span> <span class='ocrx_word' id='word_1_1044' title='bbox 1598 3464 1656 3499; x_wconf 83' lang='lat' dir='ltr'><em>ubi</em></span> <span class='ocrx_word' id='word_1_1045' title='bbox 1674 3463 1742 3499; x_wconf 85' lang='lat' dir='ltr'><em>haec</em></span> <span class='ocrx_word' id='word_1_1046' title='bbox 1751 3461 1938 3497; x_wconf 76' lang='lat' dir='ltr'><em>Decretalis</em></span> <span class='ocrx_word' id='word_1_1047' title='bbox 1958 3462 2153 3496; x_wconf 76' lang='lat' dir='ltr'><em>innovatur.</em></span> 
     </span>
    </p>

    <p class='ocr_par' dir='ltr' id='par_1_31' title="bbox 1184 3504 2160 3555">
     <span class='ocr_line' id='line_1_147' title="bbox 1184 3504 2160 3555; baseline -0.01 -7"><span class='ocrx_word' id='word_1_1048' title='bbox 1184 3521 1242 3549; x_wconf 90' lang='lat'><em>10.</em></span> <span class='ocrx_word' id='word_1_1049' title='bbox 1262 3511 1358 3547; x_wconf 74' lang='lat' dir='ltr'><em>cum</em></span> <span class='ocrx_word' id='word_1_1050' title='bbox 1380 3511 1425 3548; x_wconf 82' lang='lat' dir='ltr'><em>de</em></span> <span class='ocrx_word' id='word_1_1051' title='bbox 1445 3508 1598 3551; x_wconf 76' lang='lat' dir='ltr'><em>diversis</em></span> <span class='ocrx_word' id='word_1_1052' title='bbox 1624 3509 1743 3544; x_wconf 78' lang='lat' dir='ltr'><em>mundi</em></span> <span class='ocrx_word' id='word_1_1053' title='bbox 1765 3507 1931 3555; x_wconf 80' lang='lat' dir='ltr'><em>partibus</em></span> <span class='ocrx_word' id='word_1_1054' title='bbox 1959 3504 2056 3542; x_wconf 80' lang='lat' dir='ltr'><em>multi</em></span> <span class='ocrx_word' id='word_1_1055' title='bbox 2082 3518 2160 3540; x_wconf 85' lang='lat' dir='ltr'><em>con-</em></span> 
     </span>
    </p>
   </div>
   <div class='ocr_carea' id='block_1_20' title="bbox 1120 3551 2156 3608">
    <p class='ocr_par' dir='ltr' id='par_1_32' title="bbox 1120 3551 2156 3608">
     <span class='ocr_line' id='line_1_148' title="bbox 1120 3551 2156 3608; baseline -0.01 -10"><span class='ocrx_word' id='word_1_1056' title='bbox 1120 3561 1239 3608; x_wconf 82' lang='lat' dir='ltr'><em>fluant</em></span> <span class='ocrx_word' id='word_1_1057' title='bbox 1256 3561 1307 3596; x_wconf 84' lang='lat' dir='ltr'><em>ad</em></span> <span class='ocrx_word' id='word_1_1058' title='bbox 1323 3559 1455 3598; x_wconf 85' lang='lat' dir='ltr'><em>Sedem</em></span> <span class='ocrx_word' id='word_1_1059' title='bbox 1470 3557 1706 3607; x_wconf 75' lang='lat' dir='ltr'><em>Apostolicam</em></span> <span class='ocrx_word' id='word_1_1060' title='bbox 1721 3555 1819 3604; x_wconf 75' lang='lat' dir='ltr'><em>quasi</em></span> <span class='ocrx_word' id='word_1_1061' title='bbox 1835 3556 1996 3594; x_wconf 81' lang='lat' dir='ltr'><em>Matrem</em></span> <span class='ocrx_word' id='word_1_1062' title='bbox 2009 3565 2019 3600; x_wconf 72' lang='lat'>5</span> <span class='ocrx_word' id='word_1_1063' title='bbox 2030 3566 2086 3590; x_wconf 90' lang='lat' dir='ltr'><em>nos</em></span> <span class='ocrx_word' id='word_1_1064' title='bbox 2100 3551 2156 3588; x_wconf 84' lang='lat' dir='ltr'><em>ad</em></span> 
     </span>
    </p>
   </div>
   <div class='ocr_carea' id='block_1_21' title="bbox 1131 3607 2155 3682">
    <p class='ocr_par' dir='ltr' id='par_1_33' title="bbox 1131 3607 2155 3682">
     <span class='ocr_line' id='line_1_149' title="bbox 1131 3607 2155 3681; baseline -0.009 -31"><span class='ocrx_word' id='word_1_1065' title='bbox 1131 3622 1302 3650; x_wconf 82' lang='lat' dir='ltr'><em>commune</em></span> <span class='ocrx_word' id='word_1_1066' title='bbox 1317 3622 1391 3648; x_wconf 85' lang='lat' dir='ltr'><em>tam</em></span> <span class='ocrx_word' id='word_1_1067' title='bbox 1404 3608 1552 3661; x_wconf 81' lang='lat' dir='ltr'><em>ipsorum</em></span> <span class='ocrx_word' id='word_1_1068' title='bbox 1568 3609 1675 3657; x_wconf 73' lang='lat' dir='ltr'><em>qudm</em></span> <span class='ocrx_word' id='word_1_1069' title='bbox 1694 3607 1841 3643; x_wconf 86' lang='lat' dir='ltr'><em>aliorum</em></span> <span class='ocrx_word' id='word_1_1070' title='bbox 1857 3607 2001 3643; x_wconf 82' lang='lat' dir='ltr'><em>omnium</em></span> <span class='ocrx_word' id='word_1_1071' title='bbox 2015 3614 2155 3681; x_wconf 44' lang='grc' dir='ltr'><em>60411Μο-</em></span> 
     </span>
     <span class='ocr_line' id='line_1_150' title="bbox 2065 3659 2119 3682; baseline 0 0"><span class='ocrx_word' id='word_1_1072' title='bbox 2065 3659 2119 3682; x_wconf 78' lang='lat' dir='ltr'><em>um</em></span> 
     </span>
    </p>
   </div>
  </div>
 </body>
</html>
