2430 3958
293 235 954 325 Conci1.Generale
977 233 1809 336 Lateran.lV.an1i215-.
1886 315 1890 319 ,
1932 271 1968 339 3
1984 267 2093 342 79·

70 355 112 398 Β
128 351 167 400 se
191 355 294 392 vino:
319 365 381 390 nec
404 352 459 389 ad
481 347 870 404 bibendum‘quispiam
892 353 1058 390 incitetur
1079 377 1093 398 ,

67 402 147 443 etim
160 403 315 440 ebrietas
329 402 509 446 &mentis
533 402 681 440 inducat
710 402 878 449 exilium3
907 403 948 445 ὁ*
971 400 1093 439 libidi-

11 464 13 467 ’
69 456 127 491 nis
138 461 302 501 provocet
316 453 527 489 incentivum
543 478 553 490 .
578 451 690 491 Unde
698 453 799 490 illum
813 450 958 498 abusum
971 451 1092 489 decem

0 536 1 540 ,
68 504 184 540 nimus
196 500 338 549 penitas
351 501 566 539 abolendum
577 529 590 549 ‚
601 506 679 551 ‘quo
703 506 740 539 in
753 499 965 552 quibusdam
974 502 1092 550 parti·

0 563 1 579 ³
28 563 32 565 ⁴
67 552 134 590 bus
148 550 203 589 ad
212 558 316 599 potu's
329 549 486 600 aequale's
495 551 557 599 suo
568 552 666 590 modo
673 547 699 600 s
695 565 712 589 e
726 552 879 600 obligant
886 560 1090 600 potatores,

0 580 2 627 ι
67 601 186 645 &ille
188 600 326 649 judicio
339 601 467 638 talium
484 602 568 651 plus
581 601 757 639 laudatur
770 627 783 648 ,
809 603 869 650 qui
879 600 1001 650 plures
1018 602 1092 638 iiie·

30 652 32 654 ’
66 651 164 688 brias
181 677 195 698 ,
210 653 250 694 Θ
263 650 394 688 calices
402 650 639 699 secundiores
649 651 816 689 exhaurit
818 648 863 699 ,fi
875 652 956 699 quis
971 660 1091 687 autem

63 699 170 751 super
182 700 241 738 bis
263 700 474 749 culpabilem
491 699 530 748 se
554 700 777 746 exhibuerit,
800 697 864 744 nisi
877 700 904 736 ὰ
912 698 1090 746 superiore

15 772 20 778 ·
66 752 290 788 commonitus
300 750 524 798 satisfecerit
539 760 766 798 competenter
778 775 791 794 ,
815 750 842 786 ὰ
855 747 1018 794 beneficio
1032 749 1091 785 vel

67 799 172 845 officio
196 799 437 848 suspendatur
468 827 477 837 .
501 801 541 838 V
539 799 797 842 matianum&
825 801 1092 846 aucupationem

65 848 240 893 universis
254 849 410 887 Clerieis
423 850 696 888 interdicimus:
721 847 817 885 unde
831 860 892 885 nec
907 860 1014 885 canes
1029 861 1089 885 nec

66 911 159 936 aves
174 897 228 934 ad
241 899 490 947 aucupandum
504 899 635 936 habere
647 897 875 947 presumant.
917 937 920 939 ,

107 946 149 982 C.
167 945 330 988 &crapula
348 948 389 982 de
406 947 518 982 vua&
533 947 658 982 honest.
674 947 752 981 cler.
761 945 816 980 De
833 946 1010 980 venatione
1031 956 1090 979 au-

7 1014 15 1019 .
64 995 135 1024 tem
151 988 366 1025 elericorum
381 989 509 1023 edixere
527 988 721 1024 Concilium
738 987 924 1035 Agathense
949 999 1020 1022 can.
1040 995 1090 1029 ςς.

64 1035 100 1066 δε
117 1029 310 1073 Epaonense
328 1041 401 1065 can.
423 1040 451 1073 3.
462 1030 682 1066 &secundum
699 1024 942 1064 Matrlconense
960 1041 1031 1064 can.
1042 1038 1092 1072 13.

119 1085 175 1116 19.
198 1074 297 1113 Can.
323 1074 438 1113 XVt.
465 1074 601 1111 Clerici
614 1073 725 1119 officia
740 1073 798 1110 vel
812 1075 1014 1110 commercia
1022 1071 1090 1120 sae-

65 1121 207 1160 cularia
221 1137 284 1160 non
298 1135 485 1161 exerceant
498 1150 510 1169 ,
537 1122 690 1161 maxime
709 1119 888 1166 inhonesta
900 1150 909 1159 .
937 1123 1063 1161 Mimis
1073 1148 1088 1169 ,

57 1172 312 1220 joculatoribus
329 1175 349 1218 ,'
368 1174 409 1215 ‘¹⁵'
422 1171 646 1218 histrionibus
660 1175 723 1209 non
740 1170 927 1209 intendant
940 1183 951 1219 ;
975 1173 1016 1215 &⁹
1029 1182 1088 1208 ta-

64 1222 193 1259 bernas
205 1217 349 1271 prorsus
362 1224 499 1261 evitent
523 1246 536 1267 ,
564 1219 626 1266 m'fi
633 1220 731 1268 fhrte
753 1220 844 1270 caus
839 1235 862 1257 a
878 1221 1088 1269 neceffitatis

63 1272 103 1309 in
116 1275 241 1308 itinere
254 1269 446 1315 constituti.
461 1270 529 1308 Ad
539 1270 642 1308 aleas
653 1273 693 1314 (θ’
705 1271 852 1309 taxillos
862 1286 924 1309 non
933 1272 1062 1310 ludant
1072 1298 1086 1319 ,

64 1333 127 1358 nec
156 1318 353 1366 hujusmodi
361 1318 476 1358 'ludis
500 1319 680 1366 intersint.
705 1321 882 1359 Coronam
907 1323 948 1366 (5
973 1320 1087 1369 tonsu-

27 1383 34 1390 ·
61 1383 143 1407 ram
166 1368 323 1406 habeant
340 1380 578 1416 congruentem
593 1395 606 1416 ‚
632 1371 673 1413 (θ’
694 1368 733 1418 se
750 1373 786 1408 in
809 1371 929 1418 officiis
947 1371 1086 1409 divinis

59 1420 105 1465 6
125 1418 211 1456 aliis
234 1418 333 1456 bonis
355 1430 542 1457 exerceant
557 1417 689 1465 studiis
704 1420 894 1469 diligenter
908 1450 920 1458 .
944 1420 1086 1468 Clausa

60 1467 235 1514 deferant
256 1467 407 1518 desuper
429 1469 662 1509 indumenta:
689 1473 799 1508 nimia
825 1472 1006 1510 brevitate
1026 1470 1086 1508 ‘uel

58 1517 276 1566 longitudine
286 1533 348 1556 non
365 1519 547 1558 notanda.
575 1522 719 1558 Pannis
733 1521 868 1569 rubeis,
895 1524 935 1565 ὅ
954 1521 1088 1559 viridi·

62 1568 129 1607 bns
146 1582 158 1614 ·,
182 1581 242 1606 nec
261 1582 324 1606 non
337 1572 488 1612 manicis
503 1579 567 1607 aut
579 1567 798 1617 sotularibus
820 1571 1014 1619 consutitiis
1022 1570 1086 1619 seu

58 1617 223 1670 rostratis·
247 1644 261 1664 ,
278 1617 411 1671 frenis
435 1645 448 1665 ,
469 1617 573 1667 sellis
597 1645 612 1666 ,
635 1620 873 1667 pectoralibus
897 1648 911 1668 ,
936 1621 1087 1659 calcari-

59 1665 127 1710 hus
151 1667 344 1707 deauratis
367 1694 382 1716 ‚
407 1679 472 1707 aut
494 1668 608 1707 aliam
626 1667 911 1719 superfluitatem
934 1673 1088 1720 gerenti-

59 1718 126 1763 bus
145 1744 156 1764 ,
172 1730 238 1754 non
252 1727 399 1769 utantur
409 1728 422 1765 ;
431 1716 501 1764 sed
516 1732 575 1756 nec
590 1719 739 1757 annulos
752 1720 879 1767 ferant
893 1747 908 1768 ‚
934 1719 997 1766 nisi
1011 1723 1087 1772 qui-

59 1767 126 1805 bus
146 1769 310 1814 competit
333 1774 378 1805 'ex
394 1768 499 1814 officio
514 1768 727 1817 dignitatis.

100 1809 314 1864 &llegaturl-
331 1816 441 1864 cler-ici
449 1816 581 1857 officia,
603 1818 720 1853 devita
737 1818 1087 1854 &honest.c¹1er.No-

54 1857 170 1893 tabilts
193 1858 239 1892 est
258 1856 538 1901 Coucnln‘quarti
555 1859 816 1903 Carthaginenfis
834 1873 906 1895 can.
923 1870 973 1903 45.
991 1864 1088 1895 cleri-

54 1911 107 1932 cus
121 1900 425 1940 prffefflonemsicam
444 1904 532 1936 (Tin
548 1902 651 1976 igaebitu
671 1908 718 1937 <7⁸
733 1906 766 1935 in
782 1904 888 1946 inceffic
894 1904 999 1945 probet
1009 1915 1019 1935 .·
1041 1909 1088 1938 cf

45 1948 111 1985 *esec
127 1939 259 1979 vestibus
276 1952 329 1972 nec
337 1943 551 1975 calceamentis
578 1955 692 1977 ecoretn
701 1954 835 1985 querat.
857 1946 951 1978 Idem
960 1944 1011 1977 hic
1022 1945 1089 1978 La.-

53 1980 232 2026 terauenfis
251 1991 321 2013 can.
343 1984 394 2014 16.
407 1980 449 2014 fic
467 1983 566 2016 edicit
586 1996 594 2016 :
616 1986 779 2025 ‘Pontifices
795 1995 901 2018 autem
919 1990 953 2019 in
970 1987 1088 2027 publico

46 2028 106 2062 ΚΥ
123 2026 157 2055 in
185 2021 315 2063 Ecclesia
334 2025 617 2063 superindumentis
633 2028 720 2057 lineis
736 2037 836 2058 omnes
852 2036 1004 2065 utantur,
1033 2027 1090 2068 nifi

57 2065 200 2099 Monacbi
212 2066 337 2109 fuerint
355 2087 365 2099 ,
389 2076 462 2104 quos
487 2074 601 2106 oportet
618 2067 739 2105 deferre
765 2065 900 2099 habituris
928 2069 1090 2100 monacha-

51 2109 119 2139 'lem
134 2129 141 2138 .
162 2105 240 2138 Hoc
259 2107 349 2138 ndem
367 2107 407 2138 de
427 2105 598 2140 1etinendo
619 2106 660 2141 ab
671 2105 840 2148 Epil'copis
858 2108 948 2141 olim
968 2107 1089 2150 profes-

54 2147 96 2182 fis
114 2146 293 2181 Monachis
312 2146 426 2181 habitu
446 2147 635 2181 monachali
653 2159 691 2182 ac
709 2148 871 2191 regulari,
894 2150 1089 2190 iamdudum

53 2188 209 2224 statuerat
230 2189 388 2231 synodus
407 2188 632 2223 Oecumenica
653 2188 747 2224 VIII.
765 2201 836 2233 cap.
856 2201 903 2232 14.
1023 2221 1042 2240 ρ

114 2246 158 2269 to
202 2232 300 2269 ⁸<jam
316 2233 350 2268 X
364 2233 386 2267 V
401 2234 450 2268 ll.
481 2233 657 2268 Dolentes
672 2231 858 2280 referimus
871 2260 884 2280 ‚
910 2233 1007 2283 qubd
1021 2248 1084 2271 non

44 2288 45 2291 ’
53 2279 172 2329 soldm
214 2281 338 2317 uIdam
355 2283 502 2318 minores
518 2279 654 2318 Clerici
668 2306 682 2327 ,
707 2279 831 2318 vertitu
846 2285 956 2319 etiam
970 2283 1085 2331 aliqui

59 2329 303 2372 Ecc.1e1arum
318 2329 460 2375 Prelati
474 2357 485 2374 ‚
497 2334 592 2367 circa
604 2331 861 2377 comeffationes
870 2329 1060 2380 superfluas
1071 2359 1084 2378 ‚

43 2382 99 2426 .ss
127 2374 432 2424 confabulationes
457 2379 607 2418 illicitas
624 2406 635 2426 ,
662 2391 700 2417 ut
723 2380 770 2416 de
785 2380 869 2417 aliis
883 2391 1084 2428 taceamus,

48 2431 132 2480 feri·
162 2430 389 2471 medietatem
413 2429 523 2474 nolli-s
545 2429 747 2479 expendunt
765 2457 777 2475 ,
803 2431 843 2472 ὁ·
862 2429 981 2478 somno
1003 2429 1085 2476 refi-

56 2481 165 2518 duum
202 2479 435 2527 relinquentes
464 2486 476 2524 ᾗ
511 2483 578 2517 vix
611 2480 663 2516 ad
693 2479 860 2517 diurnum
888 2491 1084 2518 concentum

45 2526 392 2577 [aviumcxcitantur
404 2555 417 2575 ,
433 2529 704 2575 transcurrendo
715 2529 867 2579 undique
882 2522 1083 2567 continuaYa

54 2579 203 2628 syncopa
226 2580 437 2631 matutinum
461 2604 470 2613 .
499 2578 591 2616 Sunt
617 2581 656 2622 <5
682 2578 780 2624 alii,
805 2582 864 2628 qui
893 2579 1082 2625 Miffarum

0 2645 2 2653 >
53 2630 235 2668 celebrant
256 2628 427 2676 solemnia
443 2631 508 2666 vix
519 2640 646 2678 quater
660 2632 696 2664 in
707 2642 795 2665 anno
811 2655 822 2674 ,
851 2630 890 2671 (5
913 2629 1006 2678 quod
1019 2629 1082 2666 de-

46 2682 167 2722 terius
193 2677 238 2723 esi
255 2705 266 2724 ‚
294 2678 452 2725 intereffe
466 2689 706 2717 contemnunt:
734 2680 774 2721 (5
791 2677 816 2721 Ῑῖ
838 2679 979 2725 quando
995 2678 1082 2716 dum

0 2733 4 2739 “
40 2723 126 2778 [haec
150 2728 399 2774 celebrantur,
424 2728 628 2777 intersunt,
654 2727 1081 2776 chorifilentiumfugien-

55 2778 320 2825 tes‚intendunt
329 2776 489 2816 extericis
503 2777 781 2816 collocutionibus
795 2777 1080 2825 laicormn,dum.

51 2843 119 2881 que
134 2828 298 2865 auditum
313 2828 367 2864 ad
378 2827 556 2866 indebitos
562 2825 739 2876 sermones
751 2826 935 2874 effundunt
953 2854 966 2873 ,
981 2841 1081 2865 aures

51 2870 210 2918 memus
222 2892 285 2914 non
293 2878 470 2927 porrigunt
481 2878 534 2915 ad
546 2878 677 2915 divina
687 2905 695 2913 .
723 2877 812 2914 Haec
821 2880 927 2925 igitur
939 2877 1081 2921 &fimi-

44 2925 178 2975 Jiasub
189 2940 294 2977 poena
305 2925 530 2976 suspensionis
540 2925 680 2977 penitiis
690 2926 900 2966 inhibemus:
918 2926 1080 2974 distrie‘ld

0 3043 7 3064 ι
57 3031 149 3065 cium
164 3026 329 3065 diurnum
351 3030 494 3077 pariter
521 3030 561 3070 (9⁹
588 3027 809 3072 nocturnum,
833 3037 1005 3075 quantum
1031 3030 1079 3065 eis

0 3093 4 3114 ι
56 3077 162 3117 Dens
177 3075 319 3114 dederit
335 3103 347 3122 ‚
371 3076 524 3122 studiose
535 3076 707 3113 celebrent
718 3080 858 3123 pariter
881 3076 1079 3118 &devote.

4 3126 6 3130 ’
92 3124 142 3160 G.
160 3125 326 3164 dolentes,
349 3126 389 3159 de
397 3125 549 3159 celebrat.
560 3124 685 3159 Miffar.
697 3124 753 3159 ubi
763 3125 866 3168 glossa
877 3124 1007 3168 insignis
1018 3137 1080 3160 vo-

0 3169 2 3207 [
45 3172 128 3205 'cem
147 3165 374 3206 hamstudiose
383 3167 521 3210 exponit
538 3177 700 3209 quantum
708 3169 750 3200 ad
767 3166 918 3201 officium
934 3166 1021 3206 oris,
1044 3177 1080 3202 ut

0 3211 8 3233 '¹
35 3204 204 3251 *distinete
228 3210 261 3240 ac
276 3207 359 3242 ‘fine‘
373 3207 518 3258 syncopa
546 3208 803 3251 pronuntietur:
835 3219 948 3242 vocem
967 3217 1078 3244 autem

0 3255 3 3269 ³
45 3248 184 3288 vevere,
206 3251 415 3291 quantumad
433 3250 583 3287 officium
602 3249 710 3285 cordis
730 3254 764 3285 &
784 3251 901 3284 mentis
918 3250 1080 3285 attentio-

51 3302 131 3327 nem
148 3315 159 3331 ‚
181 3290 310 3323 dicente
328 3291 493 3332 Apostolo
514 3303 541 3326 1.
561 3293 640 3326 Cor.
662 3302 709 3333 14.
727 3292 823 3325 Oraba
834 3294 969 3333 spiritu,
990 3293 1080 3326 orabo

109 3342 232 3380 meme,-
249 3333 526 3379 pſjtllamspiritu,
544 3335 679 3376 unllam
701 3340 878 3368 (Tmente.
900 3333 982 3377 Quo
1001 3334 1078 3368 loco

68 3373 181 3417 pintus
200 3374 445 3419 respuanopem
471 3386 508 3409 ac
535 3376 602 3410 oris
651 3375 941 3409 ronunciationem
959 3375 1080 3423 fignifi-

50 3425 244 3462 ‹peteme-ns
269 3414 346 3448 vero
366 3423 530 3450 laternum
556 3387 711 3451 alfegum
729 3442 737 3450 .
759 3416 882 3451 Caveat
900 3416 1048 3450 Clertcus
1066 3441 1077 3457 ‚

0 3458 5 3487 f
29 3466 95 3502 {qne
104 3457 242 3491 illorum
258 3454 538 3505 condemnatione
556 3458 772 3499 involvatur,
796 3460 835 3492 de
870 3458 962 3492 uibus
978 3469 1078 3501 expo-

7 3510 10 3535 :
35 3496 151 3533 ‘stulat
169 3496 339 3532 Dommus
357 3520 368 3537 ‚
390 3498 512 3532 Matth.
534 3507 580 3542 15.
602 3503 738 3542 'Populus
758 3502 801 3533 bic
819 3503 849 3533 la
869 3503 904 3533 iis
921 3513 969 3535 me
989 3501 1078 3535 hono-

22 3564 26 3565 r
53 3549 125 3580 rat,
146 3552 194 3573 eor
212 3549 320 3572 autem
338 3551 441 3572 eorum
458 3539 543 3582 longe
561 3541 603 3584 est
620 3542 642 3576 ὰ
663 3554 729 3576 me.

15 3598 40 3619 ’a
73 3581 203 3625 [Can.
231 3582 387 3620 XVlll.
414 3582 634 3621 Sententiam
645 3585 824 3633 sanguinis
838 3584 946 3622 nullus
960 3585 1077 3623 Cleri·

37 3624 110 3694 {ens
122 3631 232 3671 dictet
248 3642 312 3669 aut
326 3630 491 3680 proferat
503 3646 517 3672 :
537 3631 607 3681 sed
617 3648 676 3672 nee
685 3633 863 3683 sanguinis
879 3634 1078 3674 vindietam

39 3721 42 3748 ἢ

41 3838 44 3853 l

42 3855 44 3862 >

51 2981 295 3028 praeeipientes
308 2980 343 3014 in
357 2979 493 3014 virtute
507 2977 710 3015 obedientiae
724 3002 739 3022 ‚
763 2988 801 3014 ut
816 2976 979 3014 divinum
992 2978 1080 3023 Offi-
1098 3006 1099 3009 η

1133 362 1295 389 exerceat
1311 378 1323 396 ,
1349 363 1413 389 aut
1426 350 1485 389 uhi
1497 363 1701 400 exercetur,
1722 352 1859 395 intersit
1875 379 1884 390 .
1909 352 1956 392 Si
1979 359 2058 405 quis
2080 361 2148 396 au-'

1132 410 1203 438 tem
1216 400 1410 448 hujusmodi
1423 400 1591 445 occasione
1601 401 1728 447 slatuti
1737 429 1749 448 ,
1778 401 1947 448 Ecclefiis
1961 405 2021 441 vel
2031 407 2150 455 persi)-

1131 451 1188 487 nis
1212 448 1466 496 Ecclefiasticis
1483 450 1633 500 aliquod
1651 450 1910 501 praesumpserit
1923 453 2055 498 inferre
2073 456 2147 503 dis-

1128 499 1297 548 pendium
1309 527 1321 545 ,
1329 512 1395 548 per
1403 499 1585 545 censuram
1597 499 1876 547 Ecclesiasticam
1889 503 2127 552 compescatur
2136 535 2148 544 .

1132 549 1218 587 Nec
1232 549 1416 599 quisquam
1430 548 1594 587 Clericus
1615 550 1742 589 literas
1759 550 1895 598 scribat
1909 578 1922 597 ,
1944 564 2008 591 aut
2034 553 2147 595 difies

1129 609 1194 648 pro
1206 600 1371 638 vindifla
1379 598 1561 647 sanguinis
1574 598 1810 645 destinandas
1821 629 1830 638 .
1858 600 1970 644 Unde
1984 605 2020 639 in
2036 607 2147 644 curiis

1134 650 1339 698 Principum
1363 650 1435 687 baec
1457 648 1650 694 sollicitudo
1673 665 1735 689 non
1764 651 1924 689 Clericus
1948 678 1961 698 ,
1981 650 2052 699 sed
2079 654 2149 693 lai-

1131 700 1185 735 eis
1198 703 1433 737 committatur
1447 725 1457 735 .
1479 698 1618 737 Nullus
1638 714 1769 750 quoque
1791 699 1957 739 Clericus
1972 706 2148 750 ruptariis·

1132 758 1198 784 aut
1230 747 1439 794 ballistariis
1463 774 1476 794 ,
1511 759 1576 786 aut
1602 749 1798 798 hujusmodi
1823 752 1917 788 viris
1942 750 2149 798 sanguinum

1132 808 1351 846 praeponatur
1365 825 1377 844 ,
1403 812 1462 835 nec
1483 797 1584 834 illam
1606 799 1641 836 C
1644 799 1805 847 hirurgiae
1823 800 2145 849 partemffubdia-

1132 861 1235 885 conus
1256 874 1267 894 ‚
1294 848 1481 886 Diaconus
1496 873 1508 894 ,
1533 847 1591 884 vel
1616 847 1796 887 Sacerdos
1816 861 2006 888 exerceant
2027 877 2038 897 ,
2065 864 2148 900 quae

1131 896 1348 942 adustionem
1367 897 1430 935 vel
1452 898 1644 946 incisionem
1666 898 1803 936 inducit
1818 927 1827 936 .
1853 900 1938 938 Nec
1960 900 2150 949 quisquam

1127 949 1328 995 purgationi
1348 959 1449 997 aquae
1464 946 1648 994 ferventis
1661 973 1674 993 ‚
1702 948 1760 985 vel
1778 949 1925 996 frigidae
1940 975 1952 994 ,
1974 948 2036 997 scu
2049 950 2147 997 ferri

1129 996 1315 1034 candentis
1323 999 1429 1034 ritum
1438 996 1622 1044 cujuslibet
1633 997 1881 1035 benediciionis
1896 1011 1958 1035 aut
1973 1005 2149 1045 consecra-

1129 1046 1237 1084 tionis
1251 1047 1482 1095 impendant.
1506 1045 1641 1085 Salvis
1668 1044 1891 1085 nihilomintis
1912 1049 2152 1096 prohibitioni-

1128 1095 1194 1134 bus
1216 1095 1262 1133 de
1281 1096 1553 1143 monomachus,
1576 1096 1651 1142 sive
1666 1096 1798 1134 duellis
1822 1099 1932 1135 antea
1952 1099 2152 1147 promulga-

1129 1147 1180 1186 tis
1196 1174 1204 1181 .
1220 1159 1251 1183 c.
1267 1143 1501 1184 sententiam
1518 1172 1532 1191 ,
1548 1159 1597 1184 ne
1612 1146 1715 1185 Cler.
1734 1149 1793 1185 vel
1813 1147 1998 1184 Monachi
2014 1161 2153 1196 negot.

1178 1195 1275 1235 Can.
1291 1195 1404 1234 XIX.
1420 1195 1594 1232 Firmiter
1601 1196 1823 1244 prohibemus
1835 1223 1845 1242 ‚
1861 1210 1900 1233 ne
1914 1198 2069 1243 profana
2088 1197 2150 1244 su.

1124 1244 1320 1294 pellet't'ilia
1330 1249 1366 1282 in
1387 1243 1555 1289 Ecclesiis
1570 1245 1812 1283 admittantur
1822 1272 1834 1292 ‚
1860 1245 1923 1291 nisi
1933 1258 2072 1296 propter
2086 1249 2148 1284 ho-

1124 1293 1219 1340 sliles
1238 1293 1396 1342 incursus
1419 1320 1431 1340 ‚
1458 1304 1521 1331 aut
1541 1294 1710 1331 incendia·
1728 1297 1909 1344 repentina
1929 1322 1941 1342 ,
1962 1295 2025 1342 seu
2051 1297 2150 1334 alias

1129 1343 1344 1391 necessitates
1370 1355 1535 1391 urgentes
1558 1343 1611 1380 ad
1633 1357 1696 1381 eas
1718 1355 1873 1387 oporteat
1899 1345 2027 1382 habere
2054 1346 2151 1391 refu-

1122 1391 1285 1442 giumffic
1294 1404 1412 1445 tamen
1423 1404 1462 1431 ut
1471 1391 1585 1439 neceffi
1588 1403 1662 1430 tate
1673 1394 1898 1439 ceffante,res
1909 1397 1943 1429 in
1951 1393 2026 1431 loca
2035 1394 2154 1442 prisii-

1127 1457 1175 1480 na
1197 1453 1418 1490 reportentur
1434 1468 1443 1476 e
1470 1445 1704 1491 Praecipimus
1726 1456 1878 1492 quoque,
1905 1453 1942 1479 ut
1965 1448 2119 1481 oratoria
2134 1471 2149 1491 ‚

1127 1494 1222 1540 vasa
1237 1519 1250 1539 ,
1276 1492 1471 1542 corporalia
1483 1519 1495 1538 ,
1522 1495 1563 1535 (⁴5
1578 1491 1784 1541 vestimenta
1809 1491 2038 1536 ministrorum
2055 1508 2152 1530 mun-

1128 1541 1181 1581 da
1201 1544 1239 1586 θ’
1250 1542 1368 1580 nitida
1387 1540 1632 1590 conserventur
1643 1567 1651 1575 ·
1678 1542 1807 1580 Nimis
1822 1544 1911 1579 enim
1926 1543 2072 1579 videtur
2085 1543 2149 1580 ab·

1128 1592 1279 1641 surdum
1293 1594 1329 1629 in
1337 1590 1456 1639 sacris
1475 1591 1613 1639 sordes-'¹
1627 1591 1800 1639 negligere
1814 1617 1827 1637 ‚
1843 1604 1927 1639 ‚quae
1938 1591 2151 1630 dedecerent

1128 1645 1238 1680 etiam
1256 1644 1292 1679 in
1302 1641 1484 1690 profanis.
1502 1642 1644 1679 citatur
1659 1643 1775 1678 c.2.de
1795 1641 1966 1681 custodia
1984 1641 2152 1680 Eue-‘han

1179 1693 1278 1731 Can.
1290 1691 1377 1730 XX.
1389 1690 1420 1728 S
1422 1693 1650 1737 tatuimus,ut
1660 1693 1694 1727 in
1702 1691 1830 1727 cunflis
1844 1689 2010 1734 Ecclefiis
2020 1692 2054 1727 C
2056 1691 2146 1738 hris-

1128 1756 1188 1780 ma
1211 1742 1251 1786 (θ’
1275 1739 1506 1785 Eucharistia
1516 1739 1590 1788 sub
1607 1738 1716 1786 fideli
1732 1738 1887 1786 custodia
1900 1739 2064 1777 clavibus
2078 1741 2150 1778 ad-

1128 1792 1254 1830 hibitis
1276 1789 1544 1838 conserventur:
1575 1803 1635 1827 nec
1654 1789 1749 1839 poffit
1773 1789 1848 1827 ulla
1870 1792 2062 1827 temeraria
2073 1804 2148 1827 ma-

1130 1856 1196 1879 nus
1204 1852 1306 1879 exten
1312 1841 1353 1878 di
1363 1840 1415 1877 ad
1427 1840 1552 1889 aliqua
1563 1839 1746 1876 horribilia
1756 1839 1815 1878 vel
1825 1838 1970 1885 nefaria
1988 1852 2150 1877 exercen-

1130 1893 1192 1929 da.
1208 1891 1253 1929 Si
1267 1890 1352 1929 vero
1367 1893 1416 1935 is,
1431 1890 1485 1927 ad
1499 1902 1600 1939 quem
1604 1889 1633 1936 s
1623 1890 1744 1937 pec‘iat
1758 1887 1913 1931 cullodia
1925 1915 1936 1934 ,
1953 1902 1995 1925 ea
2007 1891 2148 1927 incaute

1130 1942 1311 1990 reliquerit
1323 1968 1334 1986 ,
1349 1940 1458 1978 tribus
1472 1937 1634 1983 mensibus
1643 1938 1688 1975 ab
1700 1939 1807 1984 officio
1812 1937 2054 1986 suspendatur
2068 1967 2077 1976 .
2096 1939 2149 1977 Et

1126 1991 1156 2038 si
1163 2003 1227 2040 per
1237 1993 1307 2036 ejus
1316 1993 1488 2027 incuriam
1500 1988 1643 2037 aliquid
1653 1988 1850 2035 nefandum
1860 1987 1943 2025 inde
1952 1991 2147 2036 contigerit,

1125 2038 1480 2090 graviorisubjaceat
1501 2038 1643 2078 ultioni.
1672 2052 1701 2076 c.
1722 2050 1752 2076 1.
1777 2039 1823 2077 de
1851 2037 1943 2077 cust·
1973 2037 2095 2079 Euch.

1180 2090 1277 2128 Can.
1300 2089 1413 2127 XXl.
1440 2091 1566 2127 Omnis
1590 2088 1766 2140 utriusque
1779 2087 1888 2138 sexus
1903 2087 2030 2136 fidelis
2054 2090 2146 2140 posi.

1156 2153 1238 2178 uam
1256 2139 1308 2176 ad
1323 2153 1431 2177 annos
1453 2139 1676 2188 discretionis
1695 2142 1922 2190 pervenerit,
1948 2143 2063 2179 omnia
2073 2137 2144 2188 sua

1122 2154 1221 2238 'solus
1228 2200 1376 2239 peccata
1385 2188 1591 2237 confiteatur
1598 2189 1761 2238 fideliter
1770 2190 1902 2238 saltem
1912 2190 2020 2238 semel
2028 2194 2066 2229 in
2079 2206 2144 2229 an-

1130 2254 1171 2278 no
1190 2252 1252 2288 pro
1277 2243 1328 2278 rio
1349 2239 1541 2278 Sacerdoti
1564 2267 1576 2287 ,
1610 2242 1651 2284 ὁ·
1671 2241 1864 2288 injunctam
1888 2239 1957 2283 fibi
1976 2243 2146 2289 poeniten·

1128 2292 1218 2327 tiam
1234 2251 1379 2334 qudeat
1398 2301 1462 2340 pro
1476 2290 1613 2328 viribus
1636 2291 1833 2340 adimplere
1850 2316 1862 2335 ,
1883 2288 2072 2338 suscipiens
2087 2303 2144 2328 re-

1127 2350 1292 2376 verenter
1312 2339 1498 2377 ad-minus
1522 2343 1558 2376 in
1585 2338 1727 2387 Pascha
1753 2338 1986 2382 Eucharistiae
2010 2338 2140 2384 sacra-

1126 2398 1277 2424 mentum
1292 2401 1302 2426 t
1329 2389 1392 2432 nisi
1402 2389 1500 2446 forte
1514 2389 1561 2426 de
1582 2389 1714 2432 consilio
1723 2390 1860 2438 proprii
1874 2387 2080 2426 Sacerdotis
2094 2389 2138 2427 ob

1125 2437 1286 2485 aliquam
1296 2438 1540 2475 rationabilem
1551 2437 1642 2485 caus
1639 2452 1697 2475 am
1711 2438 1764 2475 ad
1778 2448 1910 2485 tempus
1919 2437 1970 2474 ‘ab
1982 2439 2052 2487 ejus
2065 2450 2144 2488 per-

1124 2489 1278 2535 ceptione
1306 2487 1451 2535 duxerit
1469 2485 1710 2530 abslinendum
1733 2501 1741 2526 ε
1768 2487 1922 2537 alioquin
1943 2489 1982 2531 Θ·
2009 2490 2140 2527 vivens

1125 2537 1171 2573 ab
1193 2536 1338 2584 ingreffu
1363 2536 1525 2581 Ecclesia
1541 2549 1706 2574 arceatur
1722 2563 1734 2584 ‚
1750 2539 1790 2581 (5
1802 2541 1950 2575 moriens
1964 2535 2144 2583 Chr-‚stia-

1124 2601 1171 2622 na
1183 2591 1306 2623 careat
1311 2585 1514 2635 sepultura.
1530 2585 1642 2624 Unde
1656 2588 1716 2624 hoe
1722 2584 1884 2634 salutare
1892 2585 2060 2630 statutum
2069 2586 2147 2633 fre,

1123 2646 1269 2684 quenter
1290 2638 1326 2671 in
1351 2635 1516 2679 Eccleliis
1537 2636 1733 2685 publicetur
1756 2650 1765 2659 ·
1792 2649 1832 2672 ne
1850 2634 2036 2685 quisquam
2058 2639 2146 2685 igno.

1123 2688 1249 2722 rantiae
1275 2688 1432 2722 eaecitate
1456 2683 1621 2723 velamen
1643 2699 1730 2723 excu
1750 2687 1879 2723 ationis
1898 2685 2048 2732 affumat
2063 2714 2072 2723 .
2099 2686 2146 2725 Si

1147 2737 1202 2772 uis
1225 2745 1343 2772 autem
1366 2734 1480 2772 alieno
1499 2733 1691 2774 Sacerdoti
1712 2735 1862 2773 voluerit
1878 2734 1974 2782 justa
1998 2735 2044 2772 de
2058 2749 2142 2772 cau-

1140 2800 1162 2822 a
1179 2784 1248 2832 sua
1272 2783 1428 2831 confiteri
1445 2795 1621 2833 peccata,
1651 2785 1831 2822 licentiam
1850 2784 1950 2832 prid:
1969 2783 2142 2832 postulet.

1122 2836 1163 2877 θ’
1174 2834 1329 2871 obtineat
1341 2837 1367 2872 ὰ
1377 2836 1517 2883 proprio
1531 2834 1727 2872 Sacerdote
1743 2860 1755 2879 ,
1769 2831 1848 2871 caim
1862 2833 1973 2870 aliter
1991 2832 2052 2870 ille
2066 2829 2143 2884 ipse

1122 2898 1185 2922 non
1192 2882 1286 2933 poffit
1294 2882 1434 2932 solvere
1446 2885 1485 2927 (5
1499 2883 1809 2931 ligaressacerdos
1824 2895 1942 2920 autem
1951 2882 1997 2929 fit
2007 2881 2073 2930 dis
2067 2896 2142 2922 cre..

1120 2944 1175 2971 tus
1189 2937 1229 2977 (5
1242 2944 1363 2971 cautus
1377 2959 1390 2979 ,
1411 2944 1449 2970 ut
1464 2946 1555 2969 more
1578 2935 1687 2981 periti
1710 2932 1839 2969 medici
1864 2931 2141 2980 superinfundat

1121 2987 1243 3021 vinum
1257 2983 1297 3026 (⁸5
1311 2983 1419 3020 oleum
1443 2983 1646 3020 vulneribus
1664 2981 1821 3030 sauciati
1843 2995 1856 3020 .·
1881 2981 2070 3030 diligenter
2087 2985 2143 3020 in-

1120 3038 1257 3083 quirens
1283 3034 1323 3076 ὡ·
1343 3035 1536 3082 peccatoris
1562 3030 1841 3076 circumstantias
1867 3057 1880 3078 ‚
1906 3033 1947 3074 <5
1965 3035 2105 3081 peccati
2124 3034 2141 3079 ',

1116 3095 1182 3133 per
1196 3096 1287 3132 quas
1307 3083 1500 3131 prudenter
1522 3082 1699 3129 intelligat
1716 3108 1728 3127 ,
1756 3080 1859 3131 quale
1881 3081 1938 3118 illi
1963 3079 2139 3121 consilium

1120 3133 1251 3171 debeat
1276 3132 1436 3169 exhibere
1454 3159 1466 3178 ,
1493 3133 1532 3174 ἐπ’
1555 3131 1748 3180 cujusmodi
1766 3130 1963 3168 remedium
1987 3130 2139 3169 adbibe-

1120 3180 1165 3220 re‘
1175 3210 1187 3229 ,
1197 3180 1350 3230 diverfis
1360 3182 1609 3231 experimentis
1617 3181 1746 3220 utendo
1757 3180 1810 3218 ad
1813 3179 2019 3229 sanandum
2032 3193 2138 3230 aegro-

1120 3244 1193 3270 tum
1209 3260 1218 3269 .
1243 3233 1392 3271 Caveat
1407 3242 1525 3269 autem
1538 3230 1673 3268 omnino
1686 3258 1699 3278 ,
1723 3244 1764 3268 ne
1777 3230 1884 3268 verbo
1895 3257 1908 3278 ‚
1931 3230 2027 3279 signo
2039 3254 2065 3277 ‚‹
2076 3231 2137 3269 vel

1120 3283 1190 3320 alio
1208 3284 1333 3331 quovis
1345 3282 1443 3319 modo
1448 3281 1582 3331 prodat
1593 3281 1823 3330 aliquatenus
1831 3291 2062 3329 peccatorem;
2069 3279 2142 3328 sed

1113 3331 1144 3380 si
1153 3333 1374 3380 prudentiori
1387 3330 1519 3376 consilio
1543 3331 1735 3378 indiguerit
1752 3357 1765 3376 ,
1793 3329 1889 3368 illud
1902 3329 2033 3380 absque
2054 3330 2133 3367 ulla

1120 3381 1320 3431 expreffione
1346 3382 1494 3430 persona
1520 3382 1622 3418 caute
1645 3383 1806 3430 requirat
1830 3408 1838 3416 .
1866 3379 2047 3432 Qoniam
2073 3383 2135 3429 qua·

1115 3443 1297 3482 peccatum
1313 3433 1349 3468 in
1360 3430 1597 3480 poenitentiali
1608 3430 1745 3479 judicio
1764 3429 1833 3474 fibi
1846 3429 2029 3468 decretum
2045 3441 2136 3479 prae-

1113 3482 1300 3530 sumpserit
1322 3481 1484 3518 revelare
1510 3507 1522 3526 ,
1549 3494 1612 3518 non
1629 3478 1742 3527 soltim
1761 3481 1788 3517 ὰ
1810 3478 2044 3519 sacerdotali
2067 3479 2136 3524 offi-

1117 3536 1168 3570 cio
1182 3530 1422 3580 deponendum
1436 3530 1658 3568 decernimus
1673 3557 1686 3577 ,
1700 3527 1826 3567 verum
1841 3532 1952 3568 etiam
1966 3528 2020 3568 ad
2034 3542 2138 3576 agen-

1117 3583 1204 3620 dam
1221 3591 1428 3630 perpetuam
1449 3584 1690 3627 poenitentiam
1713 3582 1748 3617 in
1771 3580 1910 3618 artium
1930 3577 2129 3624 monasteri-

1118 3647 1176 3671 um
1201 3629 1459 3670 detrudendum
1478 3658 1486 3667 .

1777 3675 1812 3710 Ii
1998 3675 2098 3712 Aue-⁴

1855 3688 1877 3712 2
