2430 3958
580 231 585 235 ’
729 234 1113 317 Histoi-ica.
1164 243 1493 352 Synopsijs
1513 305 1529 323 .

61 347 262 400 &scriptis
274 347 622 443 (propugnaverat,
650 350 876 400 reprobavit
895 350 1075 400 deinceps

58 405 266 446 contrariis
288 405 468 452 criptis&
481 401 658 453 proscidit
670 434 680 444 .
693 402 759 445 Ad
769 417 894 455 regem
903 405 1074 444 Francia
1090 447 1094 449 ἢ

17 479 23 481 Α
59 455 153 496 dum
163 451 252 495 esset
272 457 314 495 in
324 461 528 497 conventu
546 454 792 504 Biturice'nsi,
812 468 991 496 oratores
1004 458 1072 495 mi-

0 518 23 579 ,2‘
58 505 138 549 sere
147 506 255 547 Felix
270 509 310 548 δε
329 507 560 550 Concilium
573 506 782 550 Bafileense
796 511 991 557 Ioannem
1007 506 1073 550 Sess

46 556 279 626 'goviensem
290 557 503 608 Hispanum
516 585 532 609 ,
562 563 602 602 &
619 561 815 603 Thomam
828 559 1072 601 Corcellium

8 641 10 645 ,
57 612 252 652 Francum
263 637 278 659 ,
296 614 493 664 Eugenius
509 614 602 655 vero
618 612 871 657 Cardinalem
888 610 988 653 misit
1006 612 1073 665 Jo-

1113 357 1231 404 ritur,
1250 371 1291 399 ut
1308 360 1480 399 attoniti·
1497 361 1629 402 Turcae
1648 358 1777 411 fugam
1797 371 1886 404 cum
1905 359 2121 406 Amurathe

1113 457 1268 502 busdam
1291 476 1453 503 mortem
1481 463 1547 512 ipfi
1573 464 1707 505 strieh's
1731 465 1866 516 gladiis
1890 469 2125 508 intentanti-¹

1114 510 1206 561 bus,
1230 517 1400 571 animum
1428 512 1613 557 resumere
1649 516 1886 569 militemque
1913 522 1986 565 jam
2012 533 2122 570 terga

1115 565 1381 607 obvertentem
1400 564 1521 607 sistere
1536 568 1695 609 coaetus
1713 567 1756 611 fit
1768 598 1780 609 .
1805 569 1947 611 Scribit
1967 572 2120 612 AEneas

1114 617 1292 667 Sylvius,
1314 616 1342 658 fi
1364 631 1432 668 par
1454 623 1603 662 animus
1622 635 1667 662 ac
1685 621 1782 673 Regi
1795 619 1999 672 [obtigisset
2015 625 2122 663 Hun-

1113 409 1414 457 meditarentur,
1435 409 1591 461 ipseque
1609 411 2124 467 Amurathesfiatrapisqut
2185 460 2187 463 ,
2237 408 2241 412 ’

7 671 22 714 j
54 676 108 703 an
116 677 205 704 nem
214 663 770 715 TurrecrematamHispanum
778 663 997 713 amplissime
1004 664 1074 705 do:

57 714 192 756 &rin'ae
211 715 550 767 hominem,cujus
571 718 820 758 hortamenta
837 716 921 756 Rex
939 714 1072 766 sequu-

6 802 13 814 ,
57 779 121 807 tus
131 767 333 810 mandavit
344 781 435 809 toto
447 768 515 810 suo
528 775 648 822 regno
662 770 876 820 Eugenium
885 765 1072 808 summum

8 831 16 858 ς
55 817 216 869 agnosci
226 819 459 864 Pontificem
469 851 478 861 .
488 821 652 864 Addidit
661 833 908 871 praeterea,ne
923 832 1002 870 qua
1010 818 1072 860 fie-

19 894 22 898 ‡
57 882 139 931 ret,
159 884 228 911 aut
242 872 458 922 diceretur,
480 874 533 915 ob
543 875 703 926 Regiam
717 867 971 919 affinitatem,
992 883 1072 923 qua

51 919 126 964 fibi
137 925 315 971 proxime
323 927 556 974 conjuntstus
569 938 653 967 erat
663 950 679 972 ,
699 925 876 966 Domino
887 923 1071 965 Sabaudo

56 975 198 1029 injuria
211 1000 227 1022 ,
244 979 302 1017 ita
311 977 478 1019 Felicem
490 979 658 1020 vocabat
669 1006 681 1016 .
697 976 788 1018 Post
803 974 958 1026 aliquot
975 975 1069 1016 vero

31 1038 36 1040 ·
56 1040 186 1068 annos
205 1027 290 1068 Rex
311 1042 467 1071 tantum
483 1031 590 1081 apuclv
607 1030 823 1071 Amedeum
841 1027 1070 1075 contendit,

34 1103 38 1108 -
57 1091 104 1118 ut
119 1078 226 1120 ultro
245 1078 281 1120 se
293 1081 535 1124 abdicaverit
551 1083 590 1124 di
617 1084 762 1128 nitate,
778 1082 819 1121 &
840 1078 1013 1120 Nicolao
1022 1082 1071 1124 V.

54 1133 128 1188 jqui
147 1134 325 1182 Eugenio
335 1131 522 1183 succeffit,
545 1135 581 1176 ie
590 1096 806 1183 subjecerit.
1061 1153 1064 1173 ;

114 1194 175 1233 35.
185 1185 310 1237 Qiod
319 1190 464 1228 attinet
474 1188 524 1227 ad
543 1186 778 1228 saecularium
801 1186 1020 1234 Principum
1031 1188 1072 1226 &

56 1237 447 1285 rerumpublicarum
464 1246 644 1286 eventus,
663 1237 805 1279 horum
821 1238 1071 1279 retexendum

53 1287 109 1328 est
118 1286 227 1328 filum
235 1313 251 1336 ,
258 1302 341 1340 qua
359 1303 470 1337 parte
479 1290 529 1330 ad
538 1289 755 1339 pleniorem
766 1303 888 1330 rerum
898 1287 1071 1332 Ecclefiae

53 1342 243 1380 notitiam
269 1338 501 1382 conferunt.
525 1341 708 1390 Superius
732 1341 886 1382 anobis
903 1355 1071 1383 comme-

51 1403 231 1432 moratus
240 1389 502 1443 sigismundus
513 1391 706 1445 Augustus
716 1397 850 1443 majori
860 1407 954 1435 natu
963 1392 1072 1435 fratri

46 1442 275 1485 *Venceslao
304 1447 345 1484 in
367 1458 526 1497 regnum
553 1445 746 1488 Bohemiae
772 1444 959 1488 succeffit.
983 1446 1072 1487 Post

53 1494 141 1556 haec
167 1506 327 1557 regnum
356 1510 517 1550 quoque
551 1495 711 1549 suscepit
738 1502 979 1551 Hungariae,
1007 1499 1076 1540 du.

53 1547 171 1608 {tam
199 1551 634 1593 matrimonium'Maria
658 1554 774 1593 unica
786 1551 896 1604 Regis
913 1553 1073 1603 Hunga-

39 1613 120 1651 ⁸1¹1ae
147 1601 339 1662 Ludovici
368 1601 475 1652 filia,
501 1617 627 1655 eaque
653 1603 837 1645 defuncta
862 1604 1070 1646 Barbaram

45 1653 269 1694 ‘Hermanni
307 1655 420 1697 Ciliae
448 1657 620 1698 Comitis
645 1653 764 1698 filiam
800 1654 952 1706 sumpsit
978 1664 1073 1696 uxo-

25 1716 166 1759 grem,
193 1720 242 1748 ex
271 1719 351 1758 qua
378 1711 534 1750 unicam
557 1706 721 1759 suscepit
744 1707 866 1749 filiam
901 1707 1073 1750 Elizabe.

44 1768 161 1815 tam,
190 1770 277 1810 quae
305 1763 423 1808 patris
450 1775 569 1813 regna
595 1760 822 1803 Bohemiam
850 1764 889 1801 &
916 1762 1072 1810 Hunga-

51 1823 151 1868 riam
179 1809 419 1853 haereditario
447 1817 526 1863 iure
554 1814 672 1854 nasta
699 1813 773 1854 est.
803 1815 983 1863 Denique
1017 1814 1071 1852 Si·

49 1859 273 1919 gismundus
298 1865 504 1917 postquam
523 1864 648 1907 faetus
675 1865 729 1906 est
757 1867 997 1913 Imperator,
1026 1865 1073 1904 E-

52 1913 295 1956 lizabetham
331 1915 451 1960 filiam
489 1918 661 1960 Alberto
709 1914 875 1958 secundo
911 1915 1072 1957 Austriae

47 1964 157 2023 Duci
188 1975 312 2015 nuptu
340 1969 464 2012 dedit.
491 1967 676 2012 Albertus
702 1968 944 2021 sigismundo
971 1967 1073 2010 soce-

54 2031 102 2058 ro
131 2031 315 2066 mortue,
344 2035 494 2062 creatus
520 2023 574 2063 est
601 2025 840 2072 Imperator,
870 2023 910 2062 δε
937 2023 1071 2061 uxoris

54 2072 137 2118 jure
172 2070 373 2113 dotalibus
395 2075 521 2126 regnis
547 2076 697 2123 potitus
732 2074 785 2115 est
812 2073 1006 2115 Bohemiae
1032 2075 1073 2112 &

45 2123 282 2188 flunfflfi'ae·
312 2126 490 2167 Moritur
516 2123 732 2174 Albertus,
760 2127 845 2174 post
861 2128 966 2174 cujus
992 2124 1073 2164 obi-

42 2185 140 2232 jtum
163 2178 352 2230 'H‘ungari
387 2180 604 2219 Turcaru'm
642 2184 753 2220 arma
786 2178 1068 2222 sormidantes,

50 2228 95 2267 &
128 2228 334 2276 Imperium
370 2228 544 2270 foeminae³
571 2230 737 2270 imbellis
773 2230 1068 2276 detred‘tantes,

42 2279 208 2319 ”viduam
228 2279 499 2321 Elizabetham
527 2279 716 2330 Reginam
736 2279 840 2320 suam
866 2280 1071 2320 Uladislao

42 2330 353 2383 Poloniae¹chi
382 2332 527 2374 nubere
544 2332 844 2381 compulerunt.
872 2331 962 2371 Post
990 2330 1071 2371 haec

46 2382 327 2437 *nuptialia-'soe
356 2399 446 2432 era,
475 2382 644 2425 nascitur
670 2399 718 2425 ex
746 2381 979 2425 Elizabetha
998 2383 1071 2424 La-

50 2431 193 2475 dissaus
220 2433 392 2485 defuncti
423 2435 575 2478 Alberti
585 2437 808 2487 posthumus
821 2459 838 2483 ,
854 2442 982 2486 'quem
995 2448 1072 2474 ma.

49 2498 110 2526 ter
136 2491 247 2528 omni
275 2487 426 2544 aldiedht
442 2503 554 2538 mora
575 2489 624 2530 ad
640 2489 881 2530 Fridericum‘
901 2485 1070 2528 Austria-

42 2543 143 2579 'cum
167 2540 254 2580 ΙΙΙ.
280 2540 558 2593 Imperatorem
598 2538 801 2582 transmisit
834 2552 924 2580 cum
961 2541 1070 2590 regni

40 2591 533 2651 corona,'qiia“infantem
557 2597 692 2635 recens'
713 2593 956 2641 baptiza.um
974 2592 1070 2632 redi·

50 2656 139 2683 miri
177 2658 333 2685 curarat
348 2669 365 2694 ,
409 2659 584 2687 metuens
621 2645 755 2686 neab
791 2646 985 2694 Hungaris
1028 2646 1070 2684 in

46 2694 312 2747 ‘Uladislauuz
340 2697 537 2747 propensis
570 2693 710 2738 ‘infans
746 2700 1038 2751 interciperetur
1060 2725 1069 2734 .

43 2748 252 2798 ‘Hungaria
269 2749 442 2791 universa
468 2764 559 2791 curn
585 2750 743 2806 Joanne
762 2749 972 2790 Hunniade
997 2760 1069 2796 pro

0 2829 1 2832 =
46 2799 252 2841 Uladislao
281 2802 438 2843 Polono
471 2802 708 2853 dimicabat,
735 2816 807 2852 pro
836 2799 1069 2842 Elizabetha

47 2851 150 2893 vero
172 2854 220 2894 ·&
249 2851 397 2897 infante
435 2854 619 2896 Ladislao
645 2855 855 2896 Bohemia.
884 2855 1069 2903 Contigit

37 2902 208 2955 demum
221 2920 331 2960 anno
364 2920 476 2960 1444.
503 2919 546 2948 ut
558 2913 675 2948 a'trox
693 2906 863 2955 praelium
890 2908 1069 2945 commit-

53 2960 196 2998 teretur
214 2959 317 3008 apud
344 2962 518 3003 Varnam
548 2957 797 3002 Christianos
824 2961 947 3005 inter,
975 2962 1072 3008 quo.

51 3021 138 3048 rum
163 3011 353 3053 erat‘dux
380 3011 574 3061 supremus
602 3011 687 3052 Rex
715 3010 956 3052 Polonorum
977 3008 1070 3050 Ula.

49 3059 223 3112 distans-j
247 3065 482 3113 &⁵Turcas,
500 3078 619 3117 quos,
632 3063 795 3105 ducebat
823 3060 990 3102 suminus
1005 3070 1070 3102 eo-

55 3125 142 3173 rum
170 3114 394 3175 Monareha
403 3115 657 3159 Amurathes.
692 3115 842 3157 Bellum
862 3113 957 3155 istud
977 3115 1071 3155 Tur-

44 3174 106 3206 ·cis
130 3166 425 3223 ine'xpedtatum
455 3172 677 3211 concitarat
701 3171 873 3217 Ioannes
895 3168 1073 3207 Hunnia-

44 3216 120 3259 fles
139 3219 282 3260 contra
295 3218 413 3262 'fidem
434 3221 622 3264 foederum
640 3218 757 3261 antea
774 3222 956 3270 utrinque
973 3220 1071 3267 iura-

39 3269 208 3318 trorum,
234 3271 431 3314 &tamen
449 3276 490 3316 in
515 3274 633 3324 praelii
654 3273 859 3322 procinctu
893 3272 1069 3311 Hunnia'-

4 3344 5 3347 =
40 3319 140 3380 ”dem
163 3320 283 3374 ipsum
300 3321 684 3376 insolitatrepidatio
697 3327 737 3365 δε
757 3337 878 3364 metus
898 3321 1068 3370 incessit,

50 3373 153 3414 adeo
181 3388 225 3417 ut
250 3373 444 3418 discessum
472 3376 670 3426 suaderet,
708 3374 870 3427 suosque
896 3375 917 3416 a
938 3386 1067 3425 pugna

40 3424 282 3482 'deret-reret.
306 3428 528 3472 Uladislaus
547 3431 631 3472 Rex
646 3429 747 3471 adeo
764 3424 1068 3475 intempestivum

2 3504 4 3509 ι
49 3476 217 3535 dedecus
237 3478 456 3528 aversatus,
477 3481 563 3523 suos
577 3484 627 3523 ad
647 3482 797 3522 strenue
813 3493 881 3528 pro
905 3479 1070 3529 Religio.

18 3580 29 3587 μ
50 3538 103 3586 Jne
123 3532 163 3570 &
178 3534 303 3579 patria
323 3533 584 3575 dimicandum
600 3534 857 3580 adhortatur,
883 3533 1068 3623 praeitcfiue

14 3591 36 3618 'ti
52 3584 256 3631 exemplo,
275 3582 510 3637 adversarios
528 3588 615 3627 cum
634 3586 867 3628 Nobilitatis
884 3585 978 3624 flore
1007 3598 1054 3623 or

33 3634 142 3700 Yinritet
172 3636 223 3678 ad
238 3634 406 3685 ipsorum
418 3641 657 3681 munimenta
670 3651 788 3679 tanto
808 3641 952 3686 impetu
975 3636 1068 3679 ado-

1114 669 1243 717 niadi,
1265 673 1304 711 δε
1320 684 1409 711 cum
1428 671 1557 713 decem
1578 672 1747 714 millibus
1760 698 1777 722 ,
1795 686 1885 714 cum
1911 673 2049 723 quibus
2070 673 2123 715 se-

1114 719 1241 761 orsum
1259 721 1282 762 a
1302 721 1489 763 conflictu
1507 721 1543 765 se
1563 726 1819 773 continebat,
1839 723 2056 765 accurrisset
2071 726 2121 766 ad

1114 771 1228 832 Regis
1253 771 1692 817 fortiffimefdimicantis
1725 774 1952 823 subsidium,
1984 791 2033 816 eo
2059 777 2121 819 die

1113 825 1376 867 indubitanter
1394 826 1643 875 pleniffimam
1666 827 1780 871 fuisse·
1795 841 1916 878 atque
1943 827 2126 868 illustrio-¹

1114 890 1194 917 rem
1213 879 1326 929 quam
1350 891 1523 933 unquam
1543 880 1744 921 victoriam
1774 881 1821 922 de
1844 880 1982 921 Turcis
2008 879 2125 922 Chri-

1113 930 1237 970 stiano
1247 932 1439 972 exercitui
1450 930 1731 975 obventuram.
1758 931 1974 973 Uladislaus
1990 931 2123 972 multis

1108 979 1259 1022 >saucius
1269 981 1514 1031 vulneribus,
1542 981 1689 1035 suisque
1711 984 1832 1033 longo
1851 987 1889 1023 &
1905 986 1984 1024 acri
2000 991 2124 1028 certa-

1112 1036 1215 1075 mine
1231 1035 1428 1075 diminutis
1448 1037 1489 1076 &
1515 1033 1686 1086 fatigatis
1711 1035 1885 1076 concidit
1893 1053 1908 1080 ,-
1932 1040 2038 1083 cujus
2067 1049 2123 1075 re-

1111 1099 1263 1136 pertum
1288 1086 1449 1129 cadaver
1472 1087 1709 1130 Amurathes
1732 1084 1944 1128 honorifice
1977 1084 2121 1135 sepeliri

1113 1139 1295 1180 mandat.
1808 1176 1812 1177 γ
1987 1179 2012 1183 ..

1165 1198 1224 1240 36.
1233 1193 1319 1232 Hac
1337 1203 1497 1239 accepta
1514 1191 1648 1240 clade,
1665 1202 1904 1244 mortuoque
1915 1189 2123 1234 uladislao

1112 1242 1232 1294 Rege,
1261 1241 1367 1283 simul
1392 1257 1614 1284 convenere
1639 1244 1799 1286 Bohemi
1823 1245 2051 1293 &Hungari
2073 1242 2134 1282 ad

1112 1292 1399 1346 agnoscendum
1420 1308 1491 1343 pro
1510 1292 1576 1335 suo
1596 1296 1906 1347 communiRege
1931 1294 2123 1337 infantem

1112 1346 1362 1394 Ladislaum,
1389 1360 1505 1398 quem
1524 1348 1748 1388 aFriderico
1767 1346 1875 1388 missis
1903 1348 2052 1388 nunciis
2070 1360 2125 1385 re-

1113 1399 1301 1448 petebant
1319 1404 1362 1440 ut'
1382 1411 1626 1439 coronarent
1638 1417 1652 1445 ,-
1679 1412 1795 1449 quem
1812 1412 1944 1439 tamen
1961 1397 2126 1441 vFrideti-

1113 1466 1179 1493 cus
1203 1449 1334 1493 Caesar
1361 1451 1553 1492 dimittere
1588 1450 1796 1497 recusavit,
1821 1450 1956 1490 melius
1985 1451 2126 1498 quippe

1115 1506 1154 1545 &
1181 1500 1509 1544 securiusservari
1532 1502 1637 1552 apud
1648 1500 1698 1555 ‘sp
1728 1501 1918 1543 infantem
1946 1501 2088 1551 Regem
2107 1525 2125 1547 ,

1149 1558 1197 1597 ue
1206 1552 1552 1605 consanguinitate
1564 1552 1719 1603 propius
1734 1553 2127 1604 contingebat,quam

1113 1568 1146 1650 3
1166 1608 1300 1657 populi
1325 1604 1537 1653 Nobilibus
1569 1603 1701 1654 saepius
1728 1608 1830 1645 inter
1857 1602 1901 1646 se⁴
1921 1603 2124 1645 diffidenti-

1113 1660 1184 1701 bus
1210 1661 1517 1700 committeretur
1533 1686 1543 1696 .
1571 1658 1658 1700 Nec
1680 1657 1772 1698 vero
1797 1670 1910 1696 nova·
1929 1669 2023 1703 opus
2054 1653 2126 1695 effe

1113 1714 1377 1754 coronatione
1395 1708 1559 1757 infanti,
1586 1712 1648 1750 cui
1672 1711 1748 1757 jam
1765 1707 1787 1749 Ξι
1804 1703 2050 1756 diebaptismi
2074 1721 2125 1745 re·

1114 1767 1179 1815 gni
1200 1774 1355 1804 corona²
1367 1760 1495 1802 fuerat
1513 1760 1709 1810 imposita.
1730 1762 1836 1813 Dum
1856 1774 1984 1800 autem
1997 1758 2140 1799 adole«

1114 1816 1256 1864 sceret,
1285 1812 1481 1866 utriusque
1505 1813 1919 1864 regniadministratio
1938 1814 1977 1852 δι
2001 1809 2125 1855 bello-

1114 1883 1196 1909 rum
1223 1881 1316 1908 cura
1333 1866 1537 1907 Hunniadi
1563 1868 1737 1906 omnium
1755 1862 1942 1906 consensu
1973 1862 2127 1904 deman..

1114 1921 1207 1962 data
1238 1919 1364 1960 est-ac
1400 1917 1577 1968 delegata
1598 1945 1609 1957 .
1632 1920 1724 1959 Haec
1757 1913 1870 1957 fusius
1910 1913 2125 1965 referuntur

1112 1973 1215 2022 apud
1230 1969 1504 2013 Botifiniumin
1519 1969 1683 2010 historiis
1692 1971 1942 2019 Hungaricis,
1965 1968 2127 2009 Crome÷

1116 2039 1199 2065 rum
1217 2027 1258 2064 in
1279 2023 1499 2075 Polonicis,
1518 2022 1692 2065 AEneam
1711 2021 1934 2070 Sylviumin
1944 2018 2127 2067 epistolis,

1116 2091 1212 2129 quas
1233 2075 1372 2125 scripsit
1391 2072 1522 2122 ,cum
1556 2071 1648 2114 esset
1669 2073 1864 2114 Friderico
1892 2073 2123 2119 Imperatori

1114 2128 1138 2169 a
1155 2126 1306 2183 secretis
1327 2153 1342 2176 ,
1368 2128 1467 2168 &in
1489 2128 1652 2174 Europae
1677 2122 1957 2173 descriptione,
1977 2136 2125 2173 quam,

1115 2181 1207 2222 dum
1216 2178 1306 2221 estet
1327 2178 1490 2220 summus
1501 2176 1705 2225 Pontifex,
1723 2176 1984 2218 elucubravit.
2004 2175 2128 2215 Even-

1116 2229 1389 2276 tusVarnenfis
1407 2231 1613 2271 conflictus
1636 2230 1711 2271 hoc
1731 2229 1888 2276 docuit,
1906 2224 2127 2268 servandam

1114 2283 1187 2326 ess'e
1207 2282 1291 2334 ipsis
1310 2282 1478 2324 hostibus
1498 2280 1613 2323 fidem
1635 2281 1879 2331 jurejurando
1902 2278 2090 2318 firmatam
2107 2301 2125 2325 ,

1114 2336 1222 2386 quod
1239 2338 1355 2376 etiam
1379 2336 1511 2385 arguit·
1531 2333 1748 2384 exemplum
1771 2330 1883 2381 Josue
1907 2331 2014 2371 ducis
2033 2342 2125 2379 erga.

1113 2386 1387 2428 Gabaonitasr
1822 2417 1824 2421 .

1168 2448 1229 2488 37.
1253 2439 1450 2489 Eugenius
1465 2435 1648 2479 Pontifex
1672 2449 1780 2476 anno
1808 2433 1906 2475 Chr.
1929 2445 2041 2485 1447.
2069 2446 2125 2474 re-

1112 2489 1182 2532 bus
1200 2490 1523 2531 humanismorte
1557 2486 1826 2533 subtrahitur,
1856 2487 1970 2541 eique
2003 2486 2125 2525 Nico-

1111 2542 1195 2584 laus
1202 2543 1553 2590 V-Purpurat'orum
1564 2537 1912 2589 suffragiiscligitur
1923 2533 2126 2584 luccess'or,

1113 2596 1324 2634 innumeris
1343 2592 1470 2634 clarus
1498 2590 1728 2638 virtutibus,
1756 2591 1954 2631 bonarum
1984 2591 2123 2630 artium

1112 2646 1399 2696 doctorumque
1427 2645 1629 2685 hominum
1663 2640 1823 2682 mirifice
1846 2637 2053 2687 studiosus,
2081 2640 2125 2680 li-

1111 2700 1272 2738 brorum
1299 2710 1473 2737 veterum
1489 2699 1711 2737 Graecorum
1733 2707 1854 2744 atque
1883 2694 2123 2734 Latinorum

1111 2750 1382 2800 undecumque
1404 2747 1644 2798 conquisitor
1658 2743 1854 2786 &sedulus
1874 2745 2123 2785 instaurator.

1112 2801 1229 2851 Apud
1247 2801 1352 2842 hunc
1366 2800 1566 2842 'Amedeus
1583 2798 1779 2841 Sabaudiae
1803 2798 1919 2842 Duit,
1940 2794 2047 2835 Felix
2056 2807 2123 2842 ap-

1111 2853 1301 2904 peilatus,
1321 2852 1356 2893 se
1366 2851 1592 2901 praesumpto
1614 2846 1819 2891 Pontificio
1840 2846 2034 2888 abdicavit
2052 2859 2120 2886 an-

1112 2910 1168 2946 no
1202 2918 1311 2957 1449.
1344 2904 1565 2950 hortatu&
1597 2905 1820 2941 interventu
1855 2897 1997 2940 Caroli
2027 2899 2121 2939 VII.

1112 2961 1284 3000 Franciae
1328 2956 1464 3007 Regis.
1491 2954 1605 2996 Illum
1642 2950 1830 2993 Nicolaus
1867 2948 2120 2990 Cardinalem

1111 3010 1202 3052 fecit
1217 3035 1232 3057 ,
1282 3011 1524 3059 primumque
1567 3009 1669 3046 inter
1690 3001 1941 3061 *fiCardinales
1986 3002 2120 3060 locum

1112 3077 1242 3105 tenere
1277 3060 1402 3101 voluit
1418 3084 1432 3106 ,
1476 3060 1620 3100 creavit
1658 3068 1884 3106 perpetuum
1926 3067 1967 3093 m
2008 3065 2120 3094 terris

1111 3116 1271 3163 ditionis
1307 3110 1416 3162 ipsius
1452 3109 1676 3158 temporalis
1704 3108 1913 3158 Legatum.
1951 3104 2120 3146 Ludovi-

1111 3181 1202 3208 cum
1256 3167 1373 3206 etiam
1420 3162 1680 3204 Alemandum
1734 3159 1879 3200 dietum
1915 3154 2120 3199 Arelaten-

1111 3218 1187 3260 sem
1203 3242 1218 3266 ,
1246 3221 1313 3268 qui
1341 3216 1506 3256 coetibus
1548 3209 1817 3254 Bafileenfibus
1841 3208 1891 3249 ad
1918 3207 2035 3251 finem
2063 3199 2118 3250 us·

1112 3285 1187 3323 que
1220 3266 1443 3319 praesederat
1471 3264 1719 3311 Cardinalis,
1746 3262 1796 3303 ab
1833 3263 2009 3312 Eugenio
2037 3257 2120 3320 subu

1111 3336 1284 3369 motum,
1320 3333 1441 3371 atque
1467 3319 1712 3359 anathemate
1740 3315 1884 3362 istum,
1912 3318 1952 3353 in
1979 3312 2122 3355 Cardi-

1112 3375 1258 3417 nalium
1288 3370 1551 3420 amplissimum
1578 3368 1802 3419 Collegium
1830 3364 2017 3413 restituit,
2044 3366 2120 3414 pri-

1109 3425 1297 3477 stinasque
1324 3425 1530 3475 dignitates
1556 3425 1597 3461 &
1624 3433 1802 3462 munera.
1829 3417 2042 3460 Nicolaum
2071 3416 2120 3459 V.

1109 3480 1193 3521 fato
1244 3476 1421 3518 functum
1456 3473 1638 3517 Callistus
1675 3473 1760 3514 111.
1796 3483 1844 3511 ex
1889 3472 2114 3520 Borgiarum

1109 3528 1307 3582 prosapia.-
1342 3527 1548 3570 Callistum
1573 3526 1668 3567 vero
1704 3524 1858 3566 AEneas
1884 3521 2036 3573 Sylvius
2062 3520 2115 3559 di-

1053 3607 1068 3616 -
1109 3586 1193 3624 etus
1232 3585 1318 3623 Pius
1345 3583 1397 3622 ΙΙ.
1429 3583 1485 3620 vir
1501 3575 1891 3627 multaeeloqucntiae
1918 3588 1965 3616 ac
1992 3570 2114 3612 multi-

1113 3637 1222 3687 plicis
1247 3634 1472 3676 eruditionis
1499 3633 1668 3680 excepit.

1628 3685 1659 3726 P
1667 3695 1692 3731 p
1922 3654 2070 3728 38u¹³ni1rv
