<?xml version="1.0" encoding="UTF-8"?>
<!DOCTYPE html PUBLIC "-//W3C//DTD XHTML 1.0 Transitional//EN"
    "http://www.w3.org/TR/xhtml1/DTD/xhtml1-transitional.dtd">
<html xmlns="http://www.w3.org/1999/xhtml" xml:lang="en" lang="en">
 <head>
  <title>
</title>
<meta http-equiv="Content-Type" content="text/html;charset=utf-8" />
  <meta name='ocr-system' content='tesseract 3.04.00' />
  <meta name='ocr-capabilities' content='ocr_page ocr_carea ocr_par ocr_line ocrx_word'/>
</head>
<body>
  <div class='ocr_page' id='page_1' title='image "./notitiaecclesias00cabauoft_0495.png"; bbox 0 0 2430 3958; ppageno 0'>
   <div class='ocr_carea' id='block_1_1' title="bbox 0 283 1090 3629">
    <p class='ocr_par' dir='ltr' id='par_1_1' title="bbox 0 283 1090 3629">
     <span class='ocr_line' id='line_1_1' title="bbox 62 283 1088 349; baseline -0.009 -13"><span class='ocrx_word' id='word_1_1' title='bbox 62 293 286 345; x_wconf 17' lang='lat' dir='ltr'>*proditione</span> <span class='ocrx_word' id='word_1_2' title='bbox 306 292 464 349; x_wconf 84' lang='lat' dir='ltr'>Joanne</span> <span class='ocrx_word' id='word_1_3' title='bbox 475 290 643 333; x_wconf 88' lang='lat' dir='ltr'>Albreto</span> <span class='ocrx_word' id='word_1_4' title='bbox 654 315 670 338; x_wconf 69' lang='lat' dir='ltr'>o</span> <span class='ocrx_word' id='word_1_5' title='bbox 699 287 1016 339; x_wconf 83' lang='lat' dir='ltr'>Cantrabrorum</span> <span class='ocrx_word' id='word_1_6' title='bbox 1024 283 1088 328; x_wconf 85' lang='lat' dir='ltr'>seu</span> 
     </span>
     <span class='ocr_line' id='line_1_2' title="bbox 66 339 1088 396; baseline -0.012 -5"><span class='ocrx_word' id='word_1_7' title='bbox 66 346 334 391; x_wconf 81' lang='lat' dir='ltr'>Navarrorum</span> <span class='ocrx_word' id='word_1_8' title='bbox 351 345 454 396; x_wconf 88' lang='lat' dir='ltr'>Rege</span> <span class='ocrx_word' id='word_1_9' title='bbox 474 346 630 386; x_wconf 87' lang='lat' dir='ltr'>Francis</span> <span class='ocrx_word' id='word_1_10' title='bbox 645 341 861 392; x_wconf 81' lang='lat' dir='ltr'>foederato,</span> <span class='ocrx_word' id='word_1_11' title='bbox 891 339 1088 389; x_wconf 79' lang='lat' dir='ltr'>Pampelo·</span> 
     </span>
     <span class='ocr_line' id='line_1_3' title="bbox 66 394 1088 449; baseline -0.009 -8"><span class='ocrx_word' id='word_1_12' title='bbox 66 411 159 449; x_wconf 77' lang='lat' dir='ltr'>nam</span> <span class='ocrx_word' id='word_1_13' title='bbox 179 403 220 442; x_wconf 74' lang='grc' dir='ltr'>δι</span> <span class='ocrx_word' id='word_1_14' title='bbox 231 397 381 449; x_wconf 86' lang='lat' dir='ltr'>reliqua</span> <span class='ocrx_word' id='word_1_15' title='bbox 397 396 592 446; x_wconf 87' lang='lat' dir='ltr'>oppida&amp;</span> <span class='ocrx_word' id='word_1_16' title='bbox 618 410 725 437; x_wconf 84' lang='lat' dir='ltr'>arces</span> <span class='ocrx_word' id='word_1_17' title='bbox 739 398 846 446; x_wconf 88' lang='lat' dir='ltr'>regni</span> <span class='ocrx_word' id='word_1_18' title='bbox 863 394 1088 441; x_wconf 85' lang='lat' dir='ltr'>intercepit.-</span> 
     </span>
     <span class='ocr_line' id='line_1_4' title="bbox 109 444 1088 502; baseline -0.009 -8.755"><span class='ocrx_word' id='word_1_19' title='bbox 109 463 156 502; x_wconf 77' lang='lat'>4.</span> <span class='ocrx_word' id='word_1_20' title='bbox 180 453 333 493; x_wconf 88' lang='lat' dir='ltr'>Interea</span> <span class='ocrx_word' id='word_1_21' title='bbox 351 449 643 491; x_wconf 84' lang='lat' dir='ltr'>Maximilianus</span> <span class='ocrx_word' id='word_1_22' title='bbox 662 450 879 496; x_wconf 81' lang='lat' dir='ltr'>Imperator</span> <span class='ocrx_word' id='word_1_23' title='bbox 896 444 1036 500; x_wconf 87' lang='lat' dir='ltr'>aJulio</span> <span class='ocrx_word' id='word_1_24' title='bbox 1046 445 1088 484; x_wconf 89' lang='lat' dir='ltr'>in</span> 
     </span>
     <span class='ocr_line' id='line_1_5' title="bbox 27 496 1088 554; baseline -0.008 -9"><span class='ocrx_word' id='word_1_25' title='bbox 27 502 50 528; x_wconf 36' lang='grc' dir='ltr'>’ἃ</span> <span class='ocrx_word' id='word_1_26' title='bbox 62 503 167 545; x_wconf 80' lang='lat' dir='ltr'>idem</span> <span class='ocrx_word' id='word_1_27' title='bbox 183 501 288 554; x_wconf 66' lang='lat' dir='ltr'>fedus</span> <span class='ocrx_word' id='word_1_28' title='bbox 304 502 419 543; x_wconf 74' lang='lat' dir='ltr'>enixe</span> <span class='ocrx_word' id='word_1_29' title='bbox 435 501 704 550; x_wconf 81' lang='lat' dir='ltr'>interpellatus</span> <span class='ocrx_word' id='word_1_30' title='bbox 718 525 732 548; x_wconf 85' lang='lat'>,</span> <span class='ocrx_word' id='word_1_31' title='bbox 760 498 848 540; x_wconf 74' lang='lat' dir='ltr'>cnm</span> <span class='ocrx_word' id='word_1_32' title='bbox 871 511 999 549; x_wconf 86' lang='lat' dir='ltr'>neque</span> <span class='ocrx_word' id='word_1_33' title='bbox 1013 496 1088 540; x_wconf 85' lang='lat' dir='ltr'>Lu-</span> 
     </span>
     <span class='ocr_line' id='line_1_6' title="bbox 62 549 1088 604; baseline -0.004 -7.132"><span class='ocrx_word' id='word_1_34' title='bbox 62 554 247 597; x_wconf 78' lang='lat' dir='ltr'>dovicum</span> <span class='ocrx_word' id='word_1_35' title='bbox 264 554 404 604; x_wconf 85' lang='lat' dir='ltr'>Regem</span> <span class='ocrx_word' id='word_1_36' title='bbox 425 552 617 601; x_wconf 84' lang='lat' dir='ltr'>deserere,</span> <span class='ocrx_word' id='word_1_37' title='bbox 647 565 771 603; x_wconf 86' lang='lat' dir='ltr'>neque</span> <span class='ocrx_word' id='word_1_38' title='bbox 784 549 928 592; x_wconf 87' lang='lat' dir='ltr'>bellum</span> <span class='ocrx_word' id='word_1_39' title='bbox 945 561 1088 593; x_wconf 67' lang='lat' dir='ltr'>contra</span> 
     </span>
     <span class='ocr_line' id='line_1_7' title="bbox 61 601 1089 655; baseline -0.003 -8.104"><span class='ocrx_word' id='word_1_40' title='bbox 61 605 297 650; x_wconf 79' lang='lat' dir='ltr'>Pontificem</span> <span class='ocrx_word' id='word_1_41' title='bbox 311 605 492 655; x_wconf 84' lang='lat' dir='ltr'>suscipere</span> <span class='ocrx_word' id='word_1_42' title='bbox 501 607 658 648; x_wconf 84' lang='lat' dir='ltr'>auderet</span> <span class='ocrx_word' id='word_1_43' title='bbox 674 629 690 653; x_wconf 65' lang='lat'>2</span> <span class='ocrx_word' id='word_1_44' title='bbox 719 602 933 647; x_wconf 85' lang='lat' dir='ltr'>diffidentes</span> <span class='ocrx_word' id='word_1_45' title='bbox 952 601 1003 644; x_wconf 85' lang='lat' dir='ltr'>ad</span> <span class='ocrx_word' id='word_1_46' title='bbox 1024 614 1089 651; x_wconf 83' lang='lat' dir='ltr'>pa·-</span> 
     </span>
     <span class='ocr_line' id='line_1_8' title="bbox 28 654 1090 710; baseline -0.005 -9"><span class='ocrx_word' id='word_1_47' title='bbox 28 662 38 701; x_wconf 72' lang='grc'>“,</span> <span class='ocrx_word' id='word_1_48' title='bbox 61 673 148 701; x_wconf 78' lang='lat' dir='ltr'>cem</span> <span class='ocrx_word' id='word_1_49' title='bbox 161 660 340 702; x_wconf 82' lang='lat' dir='ltr'>reducere</span> <span class='ocrx_word' id='word_1_50' title='bbox 359 657 571 710; x_wconf 57' lang='lat' dir='ltr'>satagebam</span> <span class='ocrx_word' id='word_1_51' title='bbox 597 670 770 701; x_wconf 82' lang='lat' dir='ltr'>attamen</span> <span class='ocrx_word' id='word_1_52' title='bbox 782 656 901 700; x_wconf 72' lang='lat' dir='ltr'>Iulius</span> <span class='ocrx_word' id='word_1_53' title='bbox 909 654 1017 697; x_wconf 87' lang='lat' dir='ltr'>bello</span> <span class='ocrx_word' id='word_1_54' title='bbox 1027 665 1090 704; x_wconf 84' lang='lat' dir='ltr'>ge-</span> 
     </span>
     <span class='ocr_line' id='line_1_9' title="bbox 27 705 1089 762; baseline -0.008 -9"><span class='ocrx_word' id='word_1_55' title='bbox 27 716 33 760; x_wconf 68' lang='lat'><em>}</em></span> <span class='ocrx_word' id='word_1_56' title='bbox 62 711 187 754; x_wconf 80' lang='lat' dir='ltr'>tendo</span> <span class='ocrx_word' id='word_1_57' title='bbox 203 712 396 759; x_wconf 68' lang='lat' dir='ltr'>addietus,</span> <span class='ocrx_word' id='word_1_58' title='bbox 421 714 576 762; x_wconf 81' lang='lat' dir='ltr'>iniquas</span> <span class='ocrx_word' id='word_1_59' title='bbox 587 706 872 761; x_wconf 89' lang='lat' dir='ltr'>prorsusneque</span> <span class='ocrx_word' id='word_1_60' title='bbox 882 705 1089 746; x_wconf 82' lang='lat' dir='ltr'>admitten-</span> 
     </span>
     <span class='ocr_line' id='line_1_10' title="bbox 26 754 1089 819; baseline -0.007 -15"><span class='ocrx_word' id='word_1_61' title='bbox 26 784 38 819; x_wconf 34' lang='grc' dir='ltr'><strong>ς</strong></span> <span class='ocrx_word' id='word_1_62' title='bbox 61 763 133 804; x_wconf 80' lang='lat' dir='ltr'>das</span> <span class='ocrx_word' id='word_1_63' title='bbox 152 764 374 814; x_wconf 86' lang='lat' dir='ltr'>postulabat</span> <span class='ocrx_word' id='word_1_64' title='bbox 383 763 631 805; x_wconf 86' lang='lat' dir='ltr'>conditiones</span> <span class='ocrx_word' id='word_1_65' title='bbox 645 789 659 807; x_wconf 85' lang='lat'>‚</span> <span class='ocrx_word' id='word_1_66' title='bbox 685 760 881 803; x_wconf 82' lang='lat' dir='ltr'>utGenuae</span> <span class='ocrx_word' id='word_1_67' title='bbox 892 754 1089 808; x_wconf 87' lang='lat' dir='ltr'>totiusque</span> 
     </span>
     <span class='ocr_line' id='line_1_11' title="bbox 25 811 1089 868; baseline -0.013 -6"><span class='ocrx_word' id='word_1_68' title='bbox 25 818 35 862; x_wconf 67' lang='grc' dir='ltr'>ζ</span> <span class='ocrx_word' id='word_1_69' title='bbox 59 814 229 866; x_wconf 75' lang='lat' dir='ltr'>Liguriae</span> <span class='ocrx_word' id='word_1_70' title='bbox 262 818 447 868; x_wconf 83' lang='lat' dir='ltr'>regnique</span> <span class='ocrx_word' id='word_1_71' title='bbox 482 813 740 866; x_wconf 81' lang='lat' dir='ltr'>Neapolitani</span> <span class='ocrx_word' id='word_1_72' title='bbox 765 811 942 852; x_wconf 87' lang='lat' dir='ltr'>dominio</span> <span class='ocrx_word' id='word_1_73' title='bbox 969 824 1014 850; x_wconf 87' lang='lat' dir='ltr'>ac</span> <span class='ocrx_word' id='word_1_74' title='bbox 1034 813 1089 856; x_wconf 82' lang='lat' dir='ltr'>ju-</span> 
     </span>
     <span class='ocr_line' id='line_1_12' title="bbox 34 859 1087 918; baseline -0.009 -8"><span class='ocrx_word' id='word_1_75' title='bbox 34 867 168 910; x_wconf 77' lang='lat' dir='ltr'>.1ibus</span> <span class='ocrx_word' id='word_1_76' title='bbox 192 868 406 916; x_wconf 79' lang='lat' dir='ltr'>abdicatis,</span> <span class='ocrx_word' id='word_1_77' title='bbox 434 863 756 918; x_wconf 85' lang='lat' dir='ltr'>revocatisqueab</span> <span class='ocrx_word' id='word_1_78' title='bbox 783 859 961 903; x_wconf 86' lang='lat' dir='ltr'>universa</span> <span class='ocrx_word' id='word_1_79' title='bbox 971 860 1087 904; x_wconf 89' lang='lat' dir='ltr'>Italia</span> 
     </span>
     <span class='ocr_line' id='line_1_13' title="bbox 54 912 1086 969; baseline -0.009 -5"><span class='ocrx_word' id='word_1_80' title='bbox 54 917 302 964; x_wconf 64' lang='lat' dir='ltr'>,Francorum</span> <span class='ocrx_word' id='word_1_81' title='bbox 338 917 512 969; x_wconf 78' lang='lat' dir='ltr'>praesidiis</span> <span class='ocrx_word' id='word_1_82' title='bbox 533 914 686 961; x_wconf 83' lang='lat' dir='ltr'>Alsonfi</span> <span class='ocrx_word' id='word_1_83' title='bbox 717 912 881 959; x_wconf 89' lang='lat' dir='ltr'>Estenfis</span> <span class='ocrx_word' id='word_1_84' title='bbox 909 915 1086 956; x_wconf 79' lang='lat' dir='ltr'>amicitiae</span> 
     </span>
     <span class='ocr_line' id='line_1_14' title="bbox 42 966 1087 1027; baseline -0.011 -11"><span class='ocrx_word' id='word_1_85' title='bbox 42 975 333 1027; x_wconf 58' lang='lat' dir='ltr'>&#39;nouanda-ret,</span> <span class='ocrx_word' id='word_1_86' title='bbox 359 971 486 1014; x_wconf 90' lang='lat' dir='ltr'>donec</span> <span class='ocrx_word' id='word_1_87' title='bbox 505 967 727 1015; x_wconf 89' lang='lat' dir='ltr'>Comachio</span> <span class='ocrx_word' id='word_1_88' title='bbox 741 970 782 1010; x_wconf 89' lang='lat' dir='ltr'>in</span> <span class='ocrx_word' id='word_1_89' title='bbox 803 969 968 1019; x_wconf 84' lang='lat' dir='ltr'>gratiam</span> <span class='ocrx_word' id='word_1_90' title='bbox 985 966 1087 1005; x_wconf 85' lang='lat' dir='ltr'>Pon-</span> 
     </span>
     <span class='ocr_line' id='line_1_15' title="bbox 42 1018 1086 1077; baseline -0.008 -11"><span class='ocrx_word' id='word_1_91' title='bbox 42 1021 177 1077; x_wconf 55' lang='lat' dir='ltr'>„eificis</span> <span class='ocrx_word' id='word_1_92' title='bbox 202 1025 376 1070; x_wconf 84' lang='lat' dir='ltr'>cederet,</span> <span class='ocrx_word' id='word_1_93' title='bbox 404 1037 522 1075; x_wconf 85' lang='lat' dir='ltr'>quam</span> <span class='ocrx_word' id='word_1_94' title='bbox 532 1021 661 1070; x_wconf 77' lang='lat' dir='ltr'>urbem</span> <span class='ocrx_word' id='word_1_95' title='bbox 689 1018 1011 1067; x_wconf 67' lang='lat' dir='ltr'>afuismajoribus</span> <span class='ocrx_word' id='word_1_96' title='bbox 1039 1019 1086 1063; x_wconf 86' lang='lat' dir='ltr'>E-</span> 
     </span>
     <span class='ocr_line' id='line_1_16' title="bbox 57 1069 1087 1126; baseline -0.008 -9"><span class='ocrx_word' id='word_1_97' title='bbox 57 1074 190 1118; x_wconf 76' lang='lat' dir='ltr'>stenfis</span> <span class='ocrx_word' id='word_1_98' title='bbox 218 1075 430 1126; x_wconf 86' lang='lat' dir='ltr'>poffidebat</span> <span class='ocrx_word' id='word_1_99' title='bbox 455 1075 505 1118; x_wconf 86' lang='lat' dir='ltr'>ad</span> <span class='ocrx_word' id='word_1_100' title='bbox 530 1088 634 1118; x_wconf 85' lang='lat' dir='ltr'>mare</span> <span class='ocrx_word' id='word_1_101' title='bbox 658 1069 832 1122; x_wconf 83' lang='lat' dir='ltr'>superum</span> <span class='ocrx_word' id='word_1_102' title='bbox 859 1070 992 1120; x_wconf 83' lang='lat' dir='ltr'>fitam,</span> <span class='ocrx_word' id='word_1_103' title='bbox 1020 1084 1087 1119; x_wconf 90' lang='lat' dir='ltr'>op-</span> 
     </span>
     <span class='ocr_line' id='line_1_17' title="bbox 49 1121 1083 1178; baseline -0.006 -9"><span class='ocrx_word' id='word_1_104' title='bbox 49 1131 168 1169; x_wconf 77' lang='lat' dir='ltr'>timis</span> <span class='ocrx_word' id='word_1_105' title='bbox 174 1129 445 1178; x_wconf 73' lang='lat' dir='ltr'>abundantem</span> <span class='ocrx_word' id='word_1_106' title='bbox 455 1126 585 1169; x_wconf 89' lang='lat' dir='ltr'>salinis</span> <span class='ocrx_word' id='word_1_107' title='bbox 594 1153 609 1172; x_wconf 86' lang='lat'>‚</span> <span class='ocrx_word' id='word_1_108' title='bbox 636 1125 739 1167; x_wconf 91' lang='lat' dir='ltr'>unde</span> <span class='ocrx_word' id='word_1_109' title='bbox 751 1121 910 1172; x_wconf 86' lang='lat' dir='ltr'>copiosa</span> <span class='ocrx_word' id='word_1_110' title='bbox 919 1124 1083 1175; x_wconf 69' lang='lat' dir='ltr'>vectiga-</span> 
     </span>
     <span class='ocr_line' id='line_1_18' title="bbox 28 1176 1086 1232; baseline -0.007 -10"><span class='ocrx_word' id='word_1_111' title='bbox 28 1188 29 1191; x_wconf 76' lang='grc'>’</span> <span class='ocrx_word' id='word_1_112' title='bbox 58 1177 116 1222; x_wconf 76' lang='lat' dir='ltr'>iia</span> <span class='ocrx_word' id='word_1_113' title='bbox 146 1184 313 1232; x_wconf 86' lang='lat' dir='ltr'>Principi</span> <span class='ocrx_word' id='word_1_114' title='bbox 338 1178 551 1223; x_wconf 86' lang='lat' dir='ltr'>affluebant</span> <span class='ocrx_word' id='word_1_115' title='bbox 575 1191 625 1220; x_wconf 84' lang='lat' dir='ltr'>ex</span> <span class='ocrx_word' id='word_1_116' title='bbox 642 1178 830 1221; x_wconf 85' lang='lat' dir='ltr'>confluxu</span> <span class='ocrx_word' id='word_1_117' title='bbox 854 1176 1086 1225; x_wconf 86' lang='lat' dir='ltr'>populorum</span> 
     </span>
     <span class='ocr_line' id='line_1_19' title="bbox 57 1227 1086 1286; baseline -0.007 -10"><span class='ocrx_word' id='word_1_118' title='bbox 57 1230 347 1286; x_wconf 65' lang='lat' dir='ltr'>{Longobardiae</span> <span class='ocrx_word' id='word_1_119' title='bbox 365 1235 406 1275; x_wconf 89' lang='lat'>&amp;</span> <span class='ocrx_word' id='word_1_120' title='bbox 424 1231 622 1272; x_wconf 79' lang='lat' dir='ltr'>Flaminiae</span> <span class='ocrx_word' id='word_1_121' title='bbox 639 1228 689 1269; x_wconf 86' lang='lat' dir='ltr'>ad</span> <span class='ocrx_word' id='word_1_122' title='bbox 707 1227 1011 1277; x_wconf 80' lang='lat' dir='ltr'>comparandum</span> <span class='ocrx_word' id='word_1_123' title='bbox 1032 1227 1086 1269; x_wconf 87' lang='lat' dir='ltr'>sa-</span> 
     </span>
     <span class='ocr_line' id='line_1_20' title="bbox 57 1278 1087 1375; baseline -0.005 -49"><span class='ocrx_word' id='word_1_124' title='bbox 57 1283 162 1326; x_wconf 80' lang='lat' dir='ltr'>lem.</span> <span class='ocrx_word' id='word_1_125' title='bbox 189 1288 276 1327; x_wconf 89' lang='lat' dir='ltr'>Hac</span> <span class='ocrx_word' id='word_1_126' title='bbox 302 1284 351 1324; x_wconf 86' lang='lat' dir='ltr'>de</span> <span class='ocrx_word' id='word_1_127' title='bbox 365 1279 628 1375; x_wconf 71' lang='lat' dir='ltr'>causaslulius</span> <span class='ocrx_word' id='word_1_128' title='bbox 655 1280 787 1321; x_wconf 86' lang='lat' dir='ltr'>locum</span> <span class='ocrx_word' id='word_1_129' title='bbox 810 1280 921 1321; x_wconf 90' lang='lat' dir='ltr'>illum</span> <span class='ocrx_word' id='word_1_130' title='bbox 949 1293 991 1323; x_wconf 92' lang='lat' dir='ltr'>ut</span> <span class='ocrx_word' id='word_1_131' title='bbox 1010 1278 1087 1323; x_wconf 87' lang='lat' dir='ltr'>feu-</span> 
     </span>
     <span class='ocr_line' id='line_1_21' title="bbox 58 1329 1085 1384; baseline -0.005 -6"><span class='ocrx_word' id='word_1_132' title='bbox 58 1335 156 1378; x_wconf 82' lang='lat' dir='ltr'>dum</span> <span class='ocrx_word' id='word_1_133' title='bbox 184 1333 357 1378; x_wconf 84' lang='lat' dir='ltr'>Ecclefiae</span> <span class='ocrx_word' id='word_1_134' title='bbox 383 1334 485 1382; x_wconf 86' lang='lat' dir='ltr'>depo</span> <span class='ocrx_word' id='word_1_135' title='bbox 502 1332 616 1374; x_wconf 90' lang='lat' dir='ltr'>cebat</span> <span class='ocrx_word' id='word_1_136' title='bbox 640 1356 658 1381; x_wconf 62' lang='lat'><em>2</em></span> <span class='ocrx_word' id='word_1_137' title='bbox 692 1331 803 1384; x_wconf 76' lang='lat' dir='ltr'>quod</span> <span class='ocrx_word' id='word_1_138' title='bbox 829 1329 901 1373; x_wconf 83' lang='lat' dir='ltr'>effe</span> <span class='ocrx_word' id='word_1_139' title='bbox 934 1334 1085 1381; x_wconf 87' lang='lat' dir='ltr'>Imperii</span> 
     </span>
     <span class='ocr_line' id='line_1_22' title="bbox 58 1382 1087 1436; baseline -0.006 -5"><span class='ocrx_word' id='word_1_140' title='bbox 58 1386 248 1433; x_wconf 82' lang='lat' dir='ltr'>Alfonsus</span> <span class='ocrx_word' id='word_1_141' title='bbox 272 1384 555 1436; x_wconf 84' lang='lat' dir='ltr'>profitebatur.</span> <span class='ocrx_word' id='word_1_142' title='bbox 581 1382 810 1436; x_wconf 83' lang='lat' dir='ltr'>Antequam</span> <span class='ocrx_word' id='word_1_143' title='bbox 837 1384 930 1426; x_wconf 74' lang='lat' dir='ltr'>vero</span> <span class='ocrx_word' id='word_1_144' title='bbox 957 1385 1087 1426; x_wconf 88' lang='lat' dir='ltr'>adver-</span> 
     </span>
     <span class='ocr_line' id='line_1_23' title="bbox 32 1434 1085 1491; baseline -0.005 -8"><span class='ocrx_word' id='word_1_145' title='bbox 32 1474 35 1476; x_wconf 85' lang='lat'>.</span> <span class='ocrx_word' id='word_1_146' title='bbox 55 1437 120 1484; x_wconf 73' lang='lat' dir='ltr'>sus</span> <span class='ocrx_word' id='word_1_147' title='bbox 145 1436 352 1482; x_wconf 86' lang='lat' dir='ltr'>Alfonsum</span> <span class='ocrx_word' id='word_1_148' title='bbox 377 1437 505 1491; x_wconf 82' lang='lat' dir='ltr'>Julius</span> <span class='ocrx_word' id='word_1_149' title='bbox 532 1434 833 1488; x_wconf 86' lang='lat' dir='ltr'>proficisceretur</span> <span class='ocrx_word' id='word_1_150' title='bbox 848 1461 864 1486; x_wconf 89' lang='lat'>,</span> <span class='ocrx_word' id='word_1_151' title='bbox 891 1437 981 1478; x_wconf 90' lang='lat' dir='ltr'>diris</span> <span class='ocrx_word' id='word_1_152' title='bbox 1007 1440 1085 1487; x_wconf 86' lang='lat' dir='ltr'>egit</span> 
     </span>
     <span class='ocr_line' id='line_1_24' title="bbox 53 1487 1089 1542; baseline -0.005 -7.095"><span class='ocrx_word' id='word_1_153' title='bbox 33 1491 240 1538; x_wconf 77' lang='lat' dir='ltr'>adversus</span> <span class='ocrx_word' id='word_1_154' title='bbox 267 1504 386 1538; x_wconf 78' lang='lat' dir='ltr'>eum,</span> <span class='ocrx_word' id='word_1_155' title='bbox 412 1492 453 1532; x_wconf 86' lang='lat'>&amp;</span> <span class='ocrx_word' id='word_1_156' title='bbox 473 1501 678 1542; x_wconf 88' lang='lat' dir='ltr'>quotquot</span> <span class='ocrx_word' id='word_1_157' title='bbox 696 1491 732 1534; x_wconf 88' lang='lat' dir='ltr'>ei</span> <span class='ocrx_word' id='word_1_158' title='bbox 760 1502 830 1534; x_wconf 86' lang='lat' dir='ltr'>aut</span> <span class='ocrx_word' id='word_1_159' title='bbox 849 1502 964 1538; x_wconf 89' lang='lat' dir='ltr'>opem</span> <span class='ocrx_word' id='word_1_160' title='bbox 984 1487 1089 1531; x_wconf 72' lang='lat' dir='ltr'>tulis.</span> 
     </span>
     <span class='ocr_line' id='line_1_25' title="bbox 29 1538 1087 1601; baseline -0.008 -13"><span class='ocrx_word' id='word_1_161' title='bbox 29 1539 169 1601; x_wconf 43' lang='lat' dir='ltr'>⁴astent,</span> <span class='ocrx_word' id='word_1_162' title='bbox 195 1557 264 1587; x_wconf 88' lang='lat' dir='ltr'>aut</span> <span class='ocrx_word' id='word_1_163' title='bbox 281 1539 450 1591; x_wconf 77' lang='lat' dir='ltr'>ferrent,</span> <span class='ocrx_word' id='word_1_164' title='bbox 477 1542 540 1583; x_wconf 85' lang='lat' dir='ltr'>vel</span> <span class='ocrx_word' id='word_1_165' title='bbox 559 1538 825 1591; x_wconf 78' lang='lat' dir='ltr'>laturieffent3</span> <span class='ocrx_word' id='word_1_166' title='bbox 851 1541 990 1594; x_wconf 86' lang='lat' dir='ltr'>quibus</span> <span class='ocrx_word' id='word_1_167' title='bbox 1000 1555 1087 1591; x_wconf 88' lang='lat' dir='ltr'>pro-</span> 
     </span>
     <span class='ocr_line' id='line_1_26' title="bbox 29 1591 1084 1645; baseline -0.006 -5"><span class='ocrx_word' id='word_1_168' title='bbox 29 1600 257 1645; x_wconf 56' lang='lat' dir='ltr'>„nuncians</span> <span class='ocrx_word' id='word_1_169' title='bbox 275 1609 386 1637; x_wconf 86' lang='lat' dir='ltr'>anno</span> <span class='ocrx_word' id='word_1_170' title='bbox 401 1607 511 1645; x_wconf 86' lang='lat'>1510.</span> <span class='ocrx_word' id='word_1_171' title='bbox 537 1591 646 1635; x_wconf 89' lang='lat' dir='ltr'>suum</span> <span class='ocrx_word' id='word_1_172' title='bbox 664 1593 862 1637; x_wconf 78' lang='lat' dir='ltr'>continuo</span> <span class='ocrx_word' id='word_1_173' title='bbox 871 1596 1084 1638; x_wconf 84' lang='lat' dir='ltr'>exercitum</span> 
     </span>
     <span class='ocr_line' id='line_1_27' title="bbox 52 1644 1086 1698; baseline -0.008 -5"><span class='ocrx_word' id='word_1_174' title='bbox 52 1646 110 1693; x_wconf 55' lang='lat' dir='ltr'>‘ad</span> <span class='ocrx_word' id='word_1_175' title='bbox 126 1648 369 1692; x_wconf 75' lang='lat' dir='ltr'>obsidionem</span> <span class='ocrx_word' id='word_1_176' title='bbox 396 1649 577 1690; x_wconf 84' lang='lat' dir='ltr'>Ferrariae</span> <span class='ocrx_word' id='word_1_177' title='bbox 595 1646 772 1698; x_wconf 82' lang='lat' dir='ltr'>progredi</span> <span class='ocrx_word' id='word_1_178' title='bbox 791 1645 887 1695; x_wconf 82' lang='lat' dir='ltr'>jussit</span> <span class='ocrx_word' id='word_1_179' title='bbox 898 1664 914 1692; x_wconf 70' lang='grc' dir='ltr'>,ς</span> <span class='ocrx_word' id='word_1_180' title='bbox 939 1644 1086 1687; x_wconf 80' lang='lat' dir='ltr'>etiamsi</span> 
     </span>
     <span class='ocr_line' id='line_1_28' title="bbox 54 1696 1087 1754; baseline -0.004 -9"><span class='ocrx_word' id='word_1_181' title='bbox 54 1702 194 1754; x_wconf 88' lang='lat' dir='ltr'>hyems</span> <span class='ocrx_word' id='word_1_182' title='bbox 222 1697 472 1744; x_wconf 86' lang='lat' dir='ltr'>differendam</span> <span class='ocrx_word' id='word_1_183' title='bbox 487 1697 676 1742; x_wconf 75' lang='lat' dir='ltr'>suaderet:</span> <span class='ocrx_word' id='word_1_184' title='bbox 701 1696 833 1741; x_wconf 73' lang='lat' dir='ltr'>verum</span> <span class='ocrx_word' id='word_1_185' title='bbox 850 1699 931 1750; x_wconf 74' lang='lat' dir='ltr'>quo</span> <span class='ocrx_word' id='word_1_186' title='bbox 960 1697 1087 1741; x_wconf 87' lang='lat' dir='ltr'>Gallis</span> 
     </span>
     <span class='ocr_line' id='line_1_29' title="bbox 57 1749 1085 1803; baseline -0.008 -4"><span class='ocrx_word' id='word_1_187' title='bbox 57 1757 237 1799; x_wconf 83' lang='lat' dir='ltr'>Ferrariae</span> <span class='ocrx_word' id='word_1_188' title='bbox 273 1754 445 1803; x_wconf 84' lang='lat' dir='ltr'>juvandae</span> <span class='ocrx_word' id='word_1_189' title='bbox 469 1752 633 1795; x_wconf 87' lang='lat' dir='ltr'>facultas</span> <span class='ocrx_word' id='word_1_190' title='bbox 658 1751 891 1794; x_wconf 84' lang='lat' dir='ltr'>adimeretur</span> <span class='ocrx_word' id='word_1_191' title='bbox 917 1777 932 1799; x_wconf 80' lang='lat'>,</span> <span class='ocrx_word' id='word_1_192' title='bbox 966 1749 1085 1803; x_wconf 78' lang='lat' dir='ltr'>visum</span> 
     </span>
     <span class='ocr_line' id='line_1_30' title="bbox 55 1802 1085 1858; baseline -0.007 -8"><span class='ocrx_word' id='word_1_193' title='bbox 55 1807 113 1850; x_wconf 83' lang='lat' dir='ltr'>est</span> <span class='ocrx_word' id='word_1_194' title='bbox 141 1804 304 1858; x_wconf 75' lang='lat' dir='ltr'>primum</span> <span class='ocrx_word' id='word_1_195' title='bbox 314 1806 614 1858; x_wconf 79' lang='lat' dir='ltr'>expugnandam</span> <span class='ocrx_word' id='word_1_196' title='bbox 641 1802 712 1849; x_wconf 83' lang='lat' dir='ltr'>effe</span> <span class='ocrx_word' id='word_1_197' title='bbox 722 1803 985 1846; x_wconf 86' lang='lat' dir='ltr'>Mirandulam</span> <span class='ocrx_word' id='word_1_198' title='bbox 1000 1809 1085 1855; x_wconf 82' lang='lat' dir='ltr'>quae</span> 
     </span>
     <span class='ocr_line' id='line_1_31' title="bbox 57 1855 1086 1912; baseline -0.005 -11"><span class='ocrx_word' id='word_1_199' title='bbox 57 1862 101 1902; x_wconf 90' lang='lat' dir='ltr'>in</span> <span class='ocrx_word' id='word_1_200' title='bbox 115 1859 229 1912; x_wconf 87' lang='lat' dir='ltr'>Regis</span> <span class='ocrx_word' id='word_1_201' title='bbox 256 1860 426 1902; x_wconf 79' lang='lat' dir='ltr'>Franciae</span> <span class='ocrx_word' id='word_1_202' title='bbox 436 1858 623 1902; x_wconf 86' lang='lat' dir='ltr'>clientela</span> <span class='ocrx_word' id='word_1_203' title='bbox 648 1867 755 1902; x_wconf 67' lang='lat' dir='ltr'>erats</span> <span class='ocrx_word' id='word_1_204' title='bbox 781 1855 949 1907; x_wconf 76' lang='lat' dir='ltr'>ideoque</span> <span class='ocrx_word' id='word_1_205' title='bbox 977 1857 1086 1897; x_wconf 89' lang='lat' dir='ltr'>illam</span> 
     </span>
     <span class='ocr_line' id='line_1_32' title="bbox 55 1907 1086 1953; baseline -0.002 0"><span class='ocrx_word' id='word_1_206' title='bbox 55 1908 395 1953; x_wconf 76' lang='lat' dir='ltr'>desinentemense</span> <span class='ocrx_word' id='word_1_207' title='bbox 422 1907 839 1953; x_wconf 84' lang='lat' dir='ltr'>Decembriobsidione</span> <span class='ocrx_word' id='word_1_208' title='bbox 854 1911 1001 1950; x_wconf 83' lang='lat' dir='ltr'>cinxit.</span> <span class='ocrx_word' id='word_1_209' title='bbox 1029 1907 1086 1951; x_wconf 89' lang='lat' dir='ltr'>At</span> 
     </span>
     <span class='ocr_line' id='line_1_33' title="bbox 55 1960 1084 2012; baseline -0.001 -7"><span class='ocrx_word' id='word_1_210' title='bbox 55 1963 284 2008; x_wconf 73' lang='lat' dir='ltr'>[Ludovicus</span> <span class='ocrx_word' id='word_1_211' title='bbox 313 1961 468 2012; x_wconf 84' lang='lat' dir='ltr'>peffimo</span> <span class='ocrx_word' id='word_1_212' title='bbox 495 1960 685 2012; x_wconf 83' lang='lat' dir='ltr'>consilio,</span> <span class='ocrx_word' id='word_1_213' title='bbox 713 1961 805 2005; x_wconf 72' lang='lat' dir='ltr'>cum</span> <span class='ocrx_word' id='word_1_214' title='bbox 830 1978 889 2005; x_wconf 90' lang='lat' dir='ltr'>res</span> <span class='ocrx_word' id='word_1_215' title='bbox 916 1960 982 2006; x_wconf 88' lang='lat' dir='ltr'>fibi</span> <span class='ocrx_word' id='word_1_216' title='bbox 993 1960 1084 2009; x_wconf 80' lang='lat' dir='ltr'>esset</span> 
     </span>
     <span class='ocr_line' id='line_1_34' title="bbox 0 2013 1085 2066; baseline -0.001 -9"><span class='ocrx_word' id='word_1_217' title='bbox 0 2045 1 2049; x_wconf 66' lang='lat'>,</span> <span class='ocrx_word' id='word_1_218' title='bbox 57 2030 150 2058; x_wconf 81' lang='lat' dir='ltr'>cum</span> <span class='ocrx_word' id='word_1_219' title='bbox 177 2013 436 2058; x_wconf 82' lang='lat' dir='ltr'>ardentiffimo</span> <span class='ocrx_word' id='word_1_220' title='bbox 462 2017 502 2055; x_wconf 76' lang='grc' dir='ltr'>δι</span> <span class='ocrx_word' id='word_1_221' title='bbox 529 2014 812 2065; x_wconf 78' lang='lat' dir='ltr'>diligentiffimo</span> <span class='ocrx_word' id='word_1_222' title='bbox 840 2014 1052 2066; x_wconf 82' lang='lat' dir='ltr'>aggreffore</span> <span class='ocrx_word' id='word_1_223' title='bbox 1068 2043 1085 2065; x_wconf 87' lang='lat'>,</span> 
     </span>
     <span class='ocr_line' id='line_1_35' title="bbox 55 2064 1085 2120; baseline 0 -11"><span class='ocrx_word' id='word_1_224' title='bbox 55 2066 346 2119; x_wconf 68' lang='lat' dir='ltr'>profectionem</span> <span class='ocrx_word' id='word_1_225' title='bbox 375 2064 480 2107; x_wconf 89' lang='lat' dir='ltr'>suam</span> <span class='ocrx_word' id='word_1_226' title='bbox 504 2067 734 2108; x_wconf 85' lang='lat' dir='ltr'>Italicamin</span> <span class='ocrx_word' id='word_1_227' title='bbox 760 2078 827 2108; x_wconf 88' lang='lat' dir='ltr'>ver</span> <span class='ocrx_word' id='word_1_228' title='bbox 852 2065 1085 2120; x_wconf 82' lang='lat' dir='ltr'>subsequens</span> 
     </span>
     <span class='ocr_line' id='line_1_36' title="bbox 55 2116 1088 2171; baseline -0.002 -10"><span class='ocrx_word' id='word_1_229' title='bbox 55 2119 223 2162; x_wconf 84' lang='lat' dir='ltr'>distulit.</span> <span class='ocrx_word' id='word_1_230' title='bbox 249 2120 480 2171; x_wconf 83' lang='lat' dir='ltr'>Quinetiam</span> <span class='ocrx_word' id='word_1_231' title='bbox 506 2118 694 2161; x_wconf 86' lang='lat' dir='ltr'>deteriore</span> <span class='ocrx_word' id='word_1_232' title='bbox 710 2116 877 2160; x_wconf 87' lang='lat' dir='ltr'>confilio</span> <span class='ocrx_word' id='word_1_233' title='bbox 901 2118 950 2159; x_wconf 90' lang='lat'>&amp;</span> <span class='ocrx_word' id='word_1_234' title='bbox 975 2121 1088 2163; x_wconf 88' lang='lat' dir='ltr'>Chri.</span> 
     </span>
     <span class='ocr_line' id='line_1_37' title="bbox 53 2168 1087 2223; baseline 0.003 -10"><span class='ocrx_word' id='word_1_235' title='bbox 53 2170 278 2214; x_wconf 73' lang='lat' dir='ltr'>stianiffimo</span> <span class='ocrx_word' id='word_1_236' title='bbox 305 2171 408 2222; x_wconf 86' lang='lat' dir='ltr'>Rege</span> <span class='ocrx_word' id='word_1_237' title='bbox 434 2168 584 2221; x_wconf 91' lang='lat' dir='ltr'>prorsus</span> <span class='ocrx_word' id='word_1_238' title='bbox 611 2171 774 2223; x_wconf 83' lang='lat' dir='ltr'>indigno</span> <span class='ocrx_word' id='word_1_239' title='bbox 800 2169 878 2213; x_wconf 87' lang='lat' dir='ltr'>suis</span> <span class='ocrx_word' id='word_1_240' title='bbox 900 2185 948 2215; x_wconf 89' lang='lat' dir='ltr'>ue</span> <span class='ocrx_word' id='word_1_241' title='bbox 973 2173 1087 2216; x_wconf 81' lang='lat' dir='ltr'>rebus</span> 
     </span>
     <span class='ocr_line' id='line_1_38' title="bbox 54 2221 1086 2275; baseline 0.002 -11"><span class='ocrx_word' id='word_1_242' title='bbox 54 2222 393 2275; x_wconf 70' lang='lat' dir='ltr'>perniciosissimo,</span> <span class='ocrx_word' id='word_1_243' title='bbox 421 2221 740 2273; x_wconf 82' lang='lat' dir='ltr'>quandoquidem</span> <span class='ocrx_word' id='word_1_244' title='bbox 786 2221 941 2264; x_wconf 81' lang='lat' dir='ltr'>cauam</span> <span class='ocrx_word' id='word_1_245' title='bbox 981 2222 1086 2271; x_wconf 84' lang='lat' dir='ltr'>suam</span> 
     </span>
     <span class='ocr_line' id='line_1_39' title="bbox 56 2271 1087 2325; baseline 0 -9"><span class='ocrx_word' id='word_1_246' title='bbox 56 2277 138 2317; x_wconf 80' lang='lat' dir='ltr'>hoc</span> <span class='ocrx_word' id='word_1_247' title='bbox 174 2272 266 2316; x_wconf 85' lang='lat' dir='ltr'>ausu</span> <span class='ocrx_word' id='word_1_248' title='bbox 292 2274 395 2323; x_wconf 89' lang='lat' dir='ltr'>apud</span> <span class='ocrx_word' id='word_1_249' title='bbox 430 2286 567 2314; x_wconf 89' lang='lat' dir='ltr'>omnes</span> <span class='ocrx_word' id='word_1_250' title='bbox 604 2274 770 2315; x_wconf 88' lang='lat' dir='ltr'>reddidit</span> <span class='ocrx_word' id='word_1_251' title='bbox 808 2275 898 2316; x_wconf 90' lang='lat' dir='ltr'>dete</span> <span class='ocrx_word' id='word_1_252' title='bbox 920 2271 1041 2317; x_wconf 85' lang='lat' dir='ltr'>iorem</span> <span class='ocrx_word' id='word_1_253' title='bbox 1069 2301 1087 2325; x_wconf 82' lang='lat'>,</span> 
     </span>
     <span class='ocr_line' id='line_1_40' title="bbox 54 2324 1085 2375; baseline 0.001 -7"><span class='ocrx_word' id='word_1_254' title='bbox 54 2327 160 2369; x_wconf 79' lang='lat' dir='ltr'>hosti</span> <span class='ocrx_word' id='word_1_255' title='bbox 198 2340 330 2368; x_wconf 89' lang='lat' dir='ltr'>autem</span> <span class='ocrx_word' id='word_1_256' title='bbox 358 2325 426 2366; x_wconf 81' lang='lat' dir='ltr'>suo</span> <span class='ocrx_word' id='word_1_257' title='bbox 462 2324 598 2374; x_wconf 88' lang='lat' dir='ltr'>justum</span> <span class='ocrx_word' id='word_1_258' title='bbox 625 2325 773 2366; x_wconf 84' lang='lat' dir='ltr'>addidit</span> <span class='ocrx_word' id='word_1_259' title='bbox 811 2328 871 2375; x_wconf 68' lang='lat' dir='ltr'>&amp;tr</span> <span class='ocrx_word' id='word_1_260' title='bbox 920 2325 1085 2369; x_wconf 86' lang='lat' dir='ltr'>eciosum</span> 
     </span>
     <span class='ocr_line' id='line_1_41' title="bbox 57 2376 1085 2430; baseline 0 -10"><span class='ocrx_word' id='word_1_261' title='bbox 57 2380 222 2422; x_wconf 85' lang='lat' dir='ltr'>titulum</span> <span class='ocrx_word' id='word_1_262' title='bbox 248 2403 264 2427; x_wconf 82' lang='lat'>,</span> <span class='ocrx_word' id='word_1_263' title='bbox 302 2379 318 2426; x_wconf 89' lang='lat'>(</span> <span class='ocrx_word' id='word_1_264' title='bbox 345 2391 429 2430; x_wconf 89' lang='lat' dir='ltr'>quo</span> <span class='ocrx_word' id='word_1_265' title='bbox 457 2376 557 2418; x_wconf 88' lang='lat' dir='ltr'>nihil</span> <span class='ocrx_word' id='word_1_266' title='bbox 582 2390 741 2427; x_wconf 88' lang='lat' dir='ltr'>poterat</span> <span class='ocrx_word' id='word_1_267' title='bbox 777 2382 950 2427; x_wconf 87' lang='lat' dir='ltr'>optatius</span> <span class='ocrx_word' id='word_1_268' title='bbox 976 2379 1085 2427; x_wconf 87' lang='lat' dir='ltr'>Julio</span> 
     </span>
     <span class='ocr_line' id='line_1_42' title="bbox 0 2427 1084 2483; baseline 0 -10"><span class='ocrx_word' id='word_1_269' title='bbox 0 2451 3 2460; x_wconf 94' lang='lat'><em>·</em></span> <span class='ocrx_word' id='word_1_270' title='bbox 59 2431 279 2479; x_wconf 82' lang='lat' dir='ltr'>accidere)</span> <span class='ocrx_word' id='word_1_271' title='bbox 315 2430 409 2471; x_wconf 89' lang='lat' dir='ltr'>belli</span> <span class='ocrx_word' id='word_1_272' title='bbox 445 2427 569 2471; x_wconf 72' lang='lat' dir='ltr'>acrius</span> <span class='ocrx_word' id='word_1_273' title='bbox 605 2428 763 2481; x_wconf 86' lang='lat' dir='ltr'>gerendi</span> <span class='ocrx_word' id='word_1_274' title='bbox 788 2429 1084 2483; x_wconf 68' lang='lat' dir='ltr'>,populosque</span> 
     </span>
     <span class='ocr_line' id='line_1_43' title="bbox 0 2480 1085 2533; baseline -0.003 -10"><span class='ocrx_word' id='word_1_275' title='bbox 0 2497 3 2523; x_wconf 89' lang='lat'>:</span> <span class='ocrx_word' id='word_1_276' title='bbox 57 2486 101 2526; x_wconf 83' lang='lat' dir='ltr'>in</span> <span class='ocrx_word' id='word_1_277' title='bbox 129 2480 490 2533; x_wconf 84' lang='lat' dir='ltr'>Ludovicumquafi</span> <span class='ocrx_word' id='word_1_278' title='bbox 517 2485 676 2530; x_wconf 89' lang='lat' dir='ltr'>impium</span> <span class='ocrx_word' id='word_1_279' title='bbox 703 2484 744 2522; x_wconf 90' lang='lat'>&amp;</span> <span class='ocrx_word' id='word_1_280' title='bbox 769 2481 947 2524; x_wconf 85' lang='lat' dir='ltr'>Ecclefiae</span> <span class='ocrx_word' id='word_1_281' title='bbox 978 2481 1085 2524; x_wconf 82' lang='lat' dir='ltr'>schis.</span> 
     </span>
     <span class='ocr_line' id='line_1_44' title="bbox 0 2534 1083 2585; baseline 0.001 -9"><span class='ocrx_word' id='word_1_282' title='bbox 0 2548 4 2575; x_wconf 88' lang='lat'>:</span> <span class='ocrx_word' id='word_1_283' title='bbox 56 2538 248 2584; x_wconf 84' lang='lat' dir='ltr'>maticum</span> <span class='ocrx_word' id='word_1_284' title='bbox 274 2534 423 2575; x_wconf 87' lang='lat' dir='ltr'>hostem</span> <span class='ocrx_word' id='word_1_285' title='bbox 449 2534 711 2578; x_wconf 84' lang='lat' dir='ltr'>concitandi,</span> <span class='ocrx_word' id='word_1_286' title='bbox 736 2537 839 2585; x_wconf 60' lang='lat' dir='ltr'>cepit</span> <span class='ocrx_word' id='word_1_287' title='bbox 864 2537 968 2575; x_wconf 89' lang='lat' dir='ltr'>enim</span> <span class='ocrx_word' id='word_1_288' title='bbox 995 2551 1083 2577; x_wconf 91' lang='lat' dir='ltr'>cum</span> 
     </span>
     <span class='ocr_line' id='line_1_45' title="bbox 0 2585 1082 2638; baseline -0.002 -7"><span class='ocrx_word' id='word_1_289' title='bbox 0 2610 3 2618; x_wconf 89' lang='lat'>·</span> <span class='ocrx_word' id='word_1_290' title='bbox 56 2587 338 2631; x_wconf 86' lang='lat' dir='ltr'>Maximiliano</span> <span class='ocrx_word' id='word_1_291' title='bbox 365 2587 604 2636; x_wconf 86' lang='lat' dir='ltr'>Imperatore</span> <span class='ocrx_word' id='word_1_292' title='bbox 629 2586 677 2626; x_wconf 91' lang='lat' dir='ltr'>de</span> <span class='ocrx_word' id='word_1_293' title='bbox 703 2585 896 2628; x_wconf 84' lang='lat' dir='ltr'>Concilio</span> <span class='ocrx_word' id='word_1_294' title='bbox 923 2592 1082 2638; x_wconf 85' lang='lat' dir='ltr'>propria</span> 
     </span>
     <span class='ocr_line' id='line_1_46' title="bbox 0 2638 1082 2690; baseline 0 -9"><span class='ocrx_word' id='word_1_295' title='bbox 0 2657 3 2672; x_wconf 76' lang='grc'><em>»</em></span> <span class='ocrx_word' id='word_1_296' title='bbox 58 2638 256 2690; x_wconf 88' lang='lat' dir='ltr'>utriusque</span> <span class='ocrx_word' id='word_1_297' title='bbox 281 2638 689 2689; x_wconf 85' lang='lat' dir='ltr'>autoritatecogendo</span> <span class='ocrx_word' id='word_1_298' title='bbox 717 2638 918 2686; x_wconf 84' lang='lat' dir='ltr'>adJulium</span> <span class='ocrx_word' id='word_1_299' title='bbox 938 2642 1082 2689; x_wconf 87' lang='lat' dir='ltr'>Papam</span> 
     </span>
     <span class='ocr_line' id='line_1_47' title="bbox 58 2690 1083 2742; baseline -0.003 -6"><span class='ocrx_word' id='word_1_300' title='bbox 58 2695 102 2736; x_wconf 87' lang='lat' dir='ltr'>in</span> <span class='ocrx_word' id='word_1_301' title='bbox 130 2692 307 2734; x_wconf 87' lang='lat' dir='ltr'>ordinem</span> <span class='ocrx_word' id='word_1_302' title='bbox 334 2690 582 2742; x_wconf 86' lang='lat' dir='ltr'>redigendum</span> <span class='ocrx_word' id='word_1_303' title='bbox 613 2714 630 2738; x_wconf 80' lang='lat'>,</span> <span class='ocrx_word' id='word_1_304' title='bbox 677 2704 904 2742; x_wconf 90' lang='lat' dir='ltr'>novumque</span> <span class='ocrx_word' id='word_1_305' title='bbox 920 2690 1083 2733; x_wconf 84' lang='lat' dir='ltr'>Pontifi-</span> 
     </span>
     <span class='ocr_line' id='line_1_48' title="bbox 0 2743 1082 2794; baseline -0.001 -8"><span class='ocrx_word' id='word_1_306' title='bbox 0 2775 1 2779; x_wconf 21' lang='grc' dir='ltr'>η</span> <span class='ocrx_word' id='word_1_307' title='bbox 50 2758 142 2786; x_wconf 66' lang='grc' dir='ltr'>(ειη</span> <span class='ocrx_word' id='word_1_308' title='bbox 169 2744 485 2785; x_wconf 90' lang='lat' dir='ltr'>constituendum</span> <span class='ocrx_word' id='word_1_309' title='bbox 517 2755 628 2794; x_wconf 84' lang='lat' dir='ltr'>agere</span> <span class='ocrx_word' id='word_1_310' title='bbox 652 2770 664 2781; x_wconf 91' lang='lat'>.</span> <span class='ocrx_word' id='word_1_311' title='bbox 690 2744 793 2783; x_wconf 90' lang='lat' dir='ltr'>Tum</span> <span class='ocrx_word' id='word_1_312' title='bbox 820 2743 912 2784; x_wconf 77' lang='lat' dir='ltr'>vero</span> <span class='ocrx_word' id='word_1_313' title='bbox 942 2745 1082 2792; x_wconf 84' lang='lat' dir='ltr'>judica-</span> 
     </span>
     <span class='ocr_line' id='line_1_49' title="bbox 0 2791 1082 2846; baseline -0.002 -10"><span class='ocrx_word' id='word_1_314' title='bbox 0 2825 5 2836; x_wconf 88' lang='lat'>.</span> <span class='ocrx_word' id='word_1_315' title='bbox 57 2810 142 2838; x_wconf 88' lang='lat' dir='ltr'>tum</span> <span class='ocrx_word' id='word_1_316' title='bbox 168 2796 252 2844; x_wconf 87' lang='lat' dir='ltr'>est,</span> <span class='ocrx_word' id='word_1_317' title='bbox 279 2808 434 2846; x_wconf 81' lang='lat' dir='ltr'>quantae</span> <span class='ocrx_word' id='word_1_318' title='bbox 462 2794 615 2841; x_wconf 66' lang='grc' dir='ltr'>ἰαᾶυτεε</span> <span class='ocrx_word' id='word_1_319' title='bbox 640 2791 763 2834; x_wconf 78' lang='lat' dir='ltr'>fuisset</span> <span class='ocrx_word' id='word_1_320' title='bbox 779 2818 796 2842; x_wconf 88' lang='lat'>,</span> <span class='ocrx_word' id='word_1_321' title='bbox 823 2808 908 2846; x_wconf 86' lang='lat' dir='ltr'>quae</span> <span class='ocrx_word' id='word_1_322' title='bbox 933 2795 1082 2845; x_wconf 71' lang='lat' dir='ltr'>praeces·</span> 
     </span>
     <span class='ocr_line' id='line_1_50' title="bbox 0 2845 1082 2899; baseline 0.002 -9"><span class='ocrx_word' id='word_1_323' title='bbox 0 2871 4 2880; x_wconf 80' lang='lat'>›</span> <span class='ocrx_word' id='word_1_324' title='bbox 62 2847 189 2895; x_wconf 72' lang='lat' dir='ltr'>serat,</span> <span class='ocrx_word' id='word_1_325' title='bbox 217 2861 321 2889; x_wconf 91' lang='lat' dir='ltr'>mors</span> <span class='ocrx_word' id='word_1_326' title='bbox 345 2846 568 2890; x_wconf 86' lang='lat' dir='ltr'>Cardinalis</span> <span class='ocrx_word' id='word_1_327' title='bbox 594 2845 790 2894; x_wconf 83' lang='lat' dir='ltr'>Ambofii,</span> <span class='ocrx_word' id='word_1_328' title='bbox 816 2851 883 2899; x_wconf 87' lang='lat' dir='ltr'>qui</span> <span class='ocrx_word' id='word_1_329' title='bbox 901 2862 1082 2897; x_wconf 87' lang='lat' dir='ltr'>procerto</span> 
     </span>
     <span class='ocr_line' id='line_1_51' title="bbox 0 2896 1083 2992; baseline 0.002 -51"><span class='ocrx_word' id='word_1_330' title='bbox 0 2914 2 2941; x_wconf 75' lang='grc' dir='ltr'><strong>ι</strong></span> <span class='ocrx_word' id='word_1_331' title='bbox 59 2900 204 2992; x_wconf 44' lang='lat' dir='ltr'>Regi-em</span> <span class='ocrx_word' id='word_1_332' title='bbox 231 2900 253 2943; x_wconf 72' lang='lat' dir='ltr'>a</span> <span class='ocrx_word' id='word_1_333' title='bbox 283 2896 503 2949; x_wconf 79' lang='lat' dir='ltr'>perniciosis</span> <span class='ocrx_word' id='word_1_334' title='bbox 534 2898 716 2948; x_wconf 84' lang='lat' dir='ltr'>ejusmodi</span> <span class='ocrx_word' id='word_1_335' title='bbox 753 2900 919 2942; x_wconf 71' lang='lat' dir='ltr'>consiliis</span> <span class='ocrx_word' id='word_1_336' title='bbox 958 2901 1083 2943; x_wconf 88' lang='lat' dir='ltr'>deter-</span> 
     </span>
     <span class='ocr_line' id='line_1_52' title="bbox 0 2964 216 2995; baseline -0.005 -1"><span class='ocrx_word' id='word_1_337' title='bbox 0 2968 2 2994; x_wconf 85' lang='grc' dir='ltr'>ι</span> <span class='ocrx_word' id='word_1_338' title='bbox 57 2964 117 2995; x_wconf 83' lang='lat' dir='ltr'>tui</span> <span class='ocrx_word' id='word_1_339' title='bbox 149 2966 187 2995; x_wconf 90' lang='lat' dir='ltr'>et</span> <span class='ocrx_word' id='word_1_340' title='bbox 206 2981 216 2993; x_wconf 94' lang='lat'>.</span> 
     </span>
     <span class='ocr_line' id='line_1_53' title="bbox 0 3002 1080 3054; baseline 0.005 -11"><span class='ocrx_word' id='word_1_341' title='bbox 0 3031 1 3037; x_wconf 64' lang='lat'>,</span> <span class='ocrx_word' id='word_1_342' title='bbox 114 3016 149 3052; x_wconf 86' lang='lat'>5.</span> <span class='ocrx_word' id='word_1_343' title='bbox 176 3005 221 3046; x_wconf 86' lang='lat' dir='ltr'>Id</span> <span class='ocrx_word' id='word_1_344' title='bbox 231 3003 556 3047; x_wconf 81' lang='lat' dir='ltr'>conciliabulum</span> <span class='ocrx_word' id='word_1_345' title='bbox 573 3028 589 3052; x_wconf 83' lang='lat'>,</span> <span class='ocrx_word' id='word_1_346' title='bbox 617 3002 793 3046; x_wconf 85' lang='lat' dir='ltr'>Pisanum</span> <span class='ocrx_word' id='word_1_347' title='bbox 803 3005 973 3054; x_wconf 66' lang='lat' dir='ltr'>dietum,</span> <span class='ocrx_word' id='word_1_348' title='bbox 990 3005 1080 3048; x_wconf 89' lang='lat' dir='ltr'>Pifis</span> 
     </span>
     <span class='ocr_line' id='line_1_54' title="bbox 0 3056 1082 3106; baseline 0.003 -12"><span class='ocrx_word' id='word_1_349' title='bbox 0 3089 1 3094; x_wconf 73' lang='grc'>,</span> <span class='ocrx_word' id='word_1_350' title='bbox 58 3056 292 3098; x_wconf 85' lang='lat' dir='ltr'>inchoatum</span> <span class='ocrx_word' id='word_1_351' title='bbox 308 3057 592 3106; x_wconf 74' lang='lat' dir='ltr'>estann01511.</span> <span class='ocrx_word' id='word_1_352' title='bbox 619 3056 1082 3106; x_wconf 80' lang='lat' dir='ltr'>cuipraeseditexautora.</span> 
     </span>
     <span class='ocr_line' id='line_1_55' title="bbox 57 3107 1080 3159; baseline 0.002 -9"><span class='ocrx_word' id='word_1_353' title='bbox 57 3122 122 3151; x_wconf 82' lang='lat' dir='ltr'>tus</span> <span class='ocrx_word' id='word_1_354' title='bbox 140 3108 162 3150; x_wconf 75' lang='lat' dir='ltr'>a</span> <span class='ocrx_word' id='word_1_355' title='bbox 187 3107 290 3156; x_wconf 81' lang='lat' dir='ltr'>Julio</span> <span class='ocrx_word' id='word_1_356' title='bbox 312 3108 520 3151; x_wconf 87' lang='lat' dir='ltr'>Cardinali</span> <span class='ocrx_word' id='word_1_357' title='bbox 548 3110 807 3151; x_wconf 90' lang='lat' dir='ltr'>Bernardinus</span> <span class='ocrx_word' id='word_1_358' title='bbox 835 3111 1080 3159; x_wconf 85' lang='lat' dir='ltr'>Carvajalius</span> 
     </span>
     <span class='ocr_line' id='line_1_56' title="bbox 54 3158 1080 3218; baseline 0.004 -18"><span class='ocrx_word' id='word_1_359' title='bbox 54 3158 251 3210; x_wconf 79' lang='lat' dir='ltr'>Hispanus</span> <span class='ocrx_word' id='word_1_360' title='bbox 279 3188 290 3199; x_wconf 95' lang='lat'>.</span> <span class='ocrx_word' id='word_1_361' title='bbox 324 3160 427 3203; x_wconf 83' lang='lat' dir='ltr'>Illud</span> <span class='ocrx_word' id='word_1_362' title='bbox 454 3175 498 3202; x_wconf 91' lang='lat' dir='ltr'>ut</span> <span class='ocrx_word' id='word_1_363' title='bbox 525 3160 744 3203; x_wconf 73' lang='lat' dir='ltr'>dissolveret</span> <span class='ocrx_word' id='word_1_364' title='bbox 769 3162 894 3218; x_wconf 85' lang='lat' dir='ltr'>Julius</span> <span class='ocrx_word' id='word_1_365' title='bbox 913 3187 928 3208; x_wconf 79' lang='lat'>,</span> <span class='ocrx_word' id='word_1_366' title='bbox 954 3177 1080 3204; x_wconf 89' lang='lat' dir='ltr'>exem-</span> 
     </span>
     <span class='ocr_line' id='line_1_57' title="bbox 37 3211 1082 3313; baseline 0 -60"><span class='ocrx_word' id='word_1_367' title='bbox 37 3213 165 3313; x_wconf 44' lang='lat' dir='ltr'>zlum</span> <span class='ocrx_word' id='word_1_368' title='bbox 186 3211 367 3271; x_wconf 81' lang='lat' dir='ltr'>sequutus</span> <span class='ocrx_word' id='word_1_369' title='bbox 388 3215 549 3265; x_wconf 86' lang='lat' dir='ltr'>Eugenii</span> <span class='ocrx_word' id='word_1_370' title='bbox 567 3218 818 3266; x_wconf 32' lang='lat' dir='ltr'>quarti2&gt;qui</span> <span class='ocrx_word' id='word_1_371' title='bbox 832 3227 874 3254; x_wconf 91' lang='lat' dir='ltr'>ut</span> <span class='ocrx_word' id='word_1_372' title='bbox 893 3213 1082 3256; x_wconf 84' lang='lat' dir='ltr'>Basileen.</span> 
     </span>
     <span class='ocr_line' id='line_1_58' title="bbox 63 3264 1079 3321; baseline 0 -13"><span class='ocrx_word' id='word_1_373' title='bbox 63 3319 66 3321; x_wconf 66' lang='lat'>‚</span> <span class='ocrx_word' id='word_1_374' title='bbox 121 3265 350 3308; x_wconf 82' lang='lat' dir='ltr'>Concilium</span> <span class='ocrx_word' id='word_1_375' title='bbox 377 3266 452 3312; x_wconf 87' lang='lat' dir='ltr'>jam</span> <span class='ocrx_word' id='word_1_376' title='bbox 477 3267 528 3307; x_wconf 91' lang='lat' dir='ltr'>ad</span> <span class='ocrx_word' id='word_1_377' title='bbox 546 3264 703 3307; x_wconf 83' lang='lat' dir='ltr'>schisma</span> <span class='ocrx_word' id='word_1_378' title='bbox 730 3267 1000 3315; x_wconf 82' lang='lat' dir='ltr'>propendens,</span> <span class='ocrx_word' id='word_1_379' title='bbox 1028 3266 1079 3308; x_wconf 88' lang='lat' dir='ltr'>se-</span> 
     </span>
     <span class='ocr_line' id='line_1_59' title="bbox 38 3313 1078 3370; baseline 0.002 -12"><span class='ocrx_word' id='word_1_380' title='bbox 38 3329 135 3370; x_wconf 38' lang='lat' dir='ltr'>fque</span> <span class='ocrx_word' id='word_1_381' title='bbox 162 3316 280 3359; x_wconf 72' lang='lat' dir='ltr'>altius</span> <span class='ocrx_word' id='word_1_382' title='bbox 309 3315 481 3359; x_wconf 86' lang='lat' dir='ltr'>adversus</span> <span class='ocrx_word' id='word_1_383' title='bbox 506 3313 718 3368; x_wconf 73' lang='lat' dir='ltr'>supremam</span> <span class='ocrx_word' id='word_1_384' title='bbox 754 3319 891 3361; x_wconf 88' lang='lat' dir='ltr'>Sedem</span> <span class='ocrx_word' id='word_1_385' title='bbox 917 3315 1078 3360; x_wconf 87' lang='lat' dir='ltr'>efferens</span> 
     </span>
     <span class='ocr_line' id='line_1_60' title="bbox 58 3368 1079 3421; baseline 0.003 -11"><span class='ocrx_word' id='word_1_386' title='bbox 58 3373 298 3418; x_wconf 77' lang='lat' dir='ltr'>reprimeret,</span> <span class='ocrx_word' id='word_1_387' title='bbox 328 3368 555 3412; x_wconf 87' lang='lat' dir='ltr'>Concilium</span> <span class='ocrx_word' id='word_1_388' title='bbox 566 3373 793 3412; x_wconf 84' lang='lat' dir='ltr'>Ferrariaein</span> <span class='ocrx_word' id='word_1_389' title='bbox 804 3373 946 3421; x_wconf 78' lang='lat' dir='ltr'>primis,</span> <span class='ocrx_word' id='word_1_390' title='bbox 975 3371 1079 3413; x_wconf 90' lang='lat' dir='ltr'>dein·</span> 
     </span>
     <span class='ocr_line' id='line_1_61' title="bbox 34 3421 1079 3474; baseline 0.006 -14"><span class='ocrx_word' id='word_1_391' title='bbox 34 3466 37 3471; x_wconf 27' lang='lat'>¹</span> <span class='ocrx_word' id='word_1_392' title='bbox 54 3421 104 3469; x_wconf 81' lang='lat' dir='ltr'>de</span> <span class='ocrx_word' id='word_1_393' title='bbox 118 3421 322 3463; x_wconf 75' lang='lat' dir='ltr'>Florentiae</span> <span class='ocrx_word' id='word_1_394' title='bbox 332 3421 523 3462; x_wconf 84' lang='lat' dir='ltr'>indixerat</span> <span class='ocrx_word' id='word_1_395' title='bbox 536 3451 546 3469; x_wconf 88' lang='lat'>,</span> <span class='ocrx_word' id='word_1_396' title='bbox 574 3423 682 3464; x_wconf 88' lang='lat' dir='ltr'>aliud</span> <span class='ocrx_word' id='word_1_397' title='bbox 695 3423 892 3473; x_wconf 88' lang='lat' dir='ltr'>ipsumque</span> <span class='ocrx_word' id='word_1_398' title='bbox 905 3423 1079 3474; x_wconf 85' lang='lat' dir='ltr'>legitima</span> 
     </span>
     <span class='ocr_line' id='line_1_62' title="bbox 38 3471 1079 3517; baseline 0.005 -5"><span class='ocrx_word' id='word_1_399' title='bbox 38 3493 40 3496; x_wconf 48' lang='lat'><em>⁴</em></span> <span class='ocrx_word' id='word_1_400' title='bbox 55 3471 197 3516; x_wconf 76' lang='lat' dir='ltr'>fultum</span> <span class='ocrx_word' id='word_1_401' title='bbox 214 3476 428 3514; x_wconf 85' lang='lat' dir='ltr'>autoritate</span> <span class='ocrx_word' id='word_1_402' title='bbox 445 3473 575 3516; x_wconf 85' lang='lat' dir='ltr'>Romae</span> <span class='ocrx_word' id='word_1_403' title='bbox 593 3479 635 3516; x_wconf 91' lang='lat' dir='ltr'>in</span> <span class='ocrx_word' id='word_1_404' title='bbox 653 3473 905 3517; x_wconf 86' lang='lat' dir='ltr'>Lateranenfi</span> <span class='ocrx_word' id='word_1_405' title='bbox 924 3477 1001 3516; x_wconf 88' lang='lat' dir='ltr'>aede</span> <span class='ocrx_word' id='word_1_406' title='bbox 1020 3491 1079 3517; x_wconf 89' lang='lat' dir='ltr'>ce·</span> 
     </span>
     <span class='ocr_line' id='line_1_63' title="bbox 57 3524 1082 3578; baseline 0.005 -12"><span class='ocrx_word' id='word_1_407' title='bbox 57 3524 284 3566; x_wconf 87' lang='lat' dir='ltr'>lebrandum</span> <span class='ocrx_word' id='word_1_408' title='bbox 311 3525 500 3572; x_wconf 78' lang='lat' dir='ltr'>instituit,</span> <span class='ocrx_word' id='word_1_409' title='bbox 527 3528 692 3578; x_wconf 88' lang='lat' dir='ltr'>adquod</span> <span class='ocrx_word' id='word_1_410' title='bbox 711 3528 862 3569; x_wconf 89' lang='lat' dir='ltr'>demum</span> <span class='ocrx_word' id='word_1_411' title='bbox 892 3528 1082 3571; x_wconf 78' lang='lat' dir='ltr'>cardina.</span> 
     </span>
     <span class='ocr_line' id='line_1_64' title="bbox 14 3575 1081 3629; baseline 0.003 -8"><span class='ocrx_word' id='word_1_412' title='bbox 14 3590 18 3606; x_wconf 73' lang='lat'><strong>¹</strong></span> <span class='ocrx_word' id='word_1_413' title='bbox 40 3576 112 3622; x_wconf 67' lang='lat' dir='ltr'>‘les</span> <span class='ocrx_word' id='word_1_414' title='bbox 139 3575 266 3621; x_wconf 86' lang='lat' dir='ltr'>Pisani</span> <span class='ocrx_word' id='word_1_415' title='bbox 285 3575 415 3620; x_wconf 89' lang='lat' dir='ltr'>soluto</span> <span class='ocrx_word' id='word_1_416' title='bbox 443 3575 607 3620; x_wconf 83' lang='lat' dir='ltr'>infausto</span> <span class='ocrx_word' id='word_1_417' title='bbox 625 3594 850 3629; x_wconf 80' lang='lat' dir='ltr'>conventu,</span> <span class='ocrx_word' id='word_1_418' title='bbox 877 3593 919 3621; x_wconf 92' lang='lat' dir='ltr'>ut</span> <span class='ocrx_word' id='word_1_419' title='bbox 937 3582 1081 3628; x_wconf 86' lang='lat' dir='ltr'>privati</span> 
     </span>
    </p>
   </div>
   <div class='ocr_carea' id='block_1_2' title="bbox 36 3626 39 3637">
    <p class='ocr_par' dir='ltr' id='par_1_2' title="bbox 36 3626 39 3637">
     <span class='ocr_line' id='line_1_65' title="bbox 36 3626 39 3637; baseline 0 0"><span class='ocrx_word' id='word_1_420' title='bbox 36 3626 39 3637; x_wconf 60' lang='grc' dir='ltr'>ι</span> 
     </span>
    </p>
   </div>
   <div class='ocr_carea' id='block_1_3' title="bbox 0 0 42 3640">
    <p class='ocr_par' dir='ltr' id='par_1_3' title="bbox 0 0 42 3640">
     <span class='ocr_line' id='line_1_66' title="bbox 0 0 28 722; baseline 0 -39"><span class='ocrx_word' id='word_1_421' title='bbox 0 0 28 722; x_wconf 95' lang='lat' dir='ltr'>     </span> 
     </span>
     <span class='ocr_line' id='line_1_67' title="bbox 0 783 29 947; baseline 0 -96"><span class='ocrx_word' id='word_1_422' title='bbox 0 783 29 947; x_wconf 95' lang='lat' dir='ltr'>   </span> 
     </span>
     <span class='ocr_line' id='line_1_68' title="bbox 0 947 29 1148; baseline 0 0"><span class='ocrx_word' id='word_1_423' title='bbox 0 947 29 1148; x_wconf 95' lang='lat' dir='ltr'>   </span> 
     </span>
     <span class='ocr_line' id='line_1_69' title="bbox 0 1148 30 1507; baseline 0 -247"><span class='ocrx_word' id='word_1_424' title='bbox 0 1148 30 1507; x_wconf 95' lang='lat' dir='ltr'>   </span> 
     </span>
     <span class='ocr_line' id='line_1_70' title="bbox 2 1564 39 2926; baseline 0 -1254"><span class='ocrx_word' id='word_1_425' title='bbox 2 1564 39 2926; x_wconf 95' lang='lat' dir='ltr'>   </span> 
     </span>
     <span class='ocr_line' id='line_1_71' title="bbox 0 3018 42 3163; baseline 0 795"><span class='ocrx_word' id='word_1_426' title='bbox 0 3018 42 3163; x_wconf 95' lang='lat' dir='ltr'> </span> 
     </span>
     <span class='ocr_line' id='line_1_72' title="bbox 0 3163 40 3640; baseline 0 -146"><span class='ocrx_word' id='word_1_427' title='bbox 0 3163 40 3640; x_wconf 95' lang='lat' dir='ltr'>      </span> 
     </span>
    </p>
   </div>
   <div class='ocr_carea' id='block_1_4' title="bbox 37 3691 78 3730">
    <p class='ocr_par' dir='ltr' id='par_1_4' title="bbox 37 3691 78 3730">
     <span class='ocr_line' id='line_1_73' title="bbox 37 3691 78 3730; baseline 0 -17"><span class='ocrx_word' id='word_1_428' title='bbox 37 3691 40 3730; x_wconf 69' lang='lat' dir='ltr'><strong>j</strong></span> <span class='ocrx_word' id='word_1_429' title='bbox 76 3708 78 3713; x_wconf 75' lang='grc'>,</span> 
     </span>
    </p>
   </div>
   <div class='ocr_carea' id='block_1_5' title="bbox 38 3807 41 3858">
    <p class='ocr_par' dir='ltr' id='par_1_5' title="bbox 38 3807 41 3858">
     <span class='ocr_line' id='line_1_74' title="bbox 38 3807 41 3858; baseline 0 0"><span class='ocrx_word' id='word_1_430' title='bbox 38 3807 41 3858; x_wconf 67' lang='grc' dir='ltr'><strong>ἒ</strong></span> 
     </span>
    </p>
   </div>
   <div class='ocr_carea' id='block_1_6' title="bbox 679 169 1482 283">
    <p class='ocr_par' dir='ltr' id='par_1_6' title="bbox 679 169 1482 283">
     <span class='ocr_line' id='line_1_75' title="bbox 679 169 1482 283; baseline -0.001 -28"><span class='ocrx_word' id='word_1_431' title='bbox 679 174 1053 255; x_wconf 84' lang='lat' dir='ltr'>Historica</span> <span class='ocrx_word' id='word_1_432' title='bbox 1114 169 1444 283; x_wconf 87' lang='lat' dir='ltr'>Synopfis</span> <span class='ocrx_word' id='word_1_433' title='bbox 1463 236 1482 255; x_wconf 88' lang='lat'>.</span> 
     </span>
    </p>
   </div>
   <div class='ocr_carea' id='block_1_7' title="bbox 1927 204 2088 270">
    <p class='ocr_par' dir='ltr' id='par_1_7' title="bbox 1927 204 2088 270">
     <span class='ocr_line' id='line_1_76' title="bbox 1927 204 2088 270; baseline 0.025 -4"><span class='ocrx_word' id='word_1_434' title='bbox 1927 204 2088 270; x_wconf 89' lang='lat'>477</span> 
     </span>
    </p>
   </div>
   <div class='ocr_carea' id='block_1_8' title="bbox 1127 282 2148 441">
    <p class='ocr_par' dir='ltr' id='par_1_8' title="bbox 1127 282 2148 441">
     <span class='ocr_line' id='line_1_77' title="bbox 1127 282 2145 342; baseline -0.004 -14"><span class='ocrx_word' id='word_1_435' title='bbox 1127 285 1365 331; x_wconf 73' lang='lat' dir='ltr'>accesserunt</span> <span class='ocrx_word' id='word_1_436' title='bbox 1377 288 1462 338; x_wconf 84' lang='lat' dir='ltr'>post</span> <span class='ocrx_word' id='word_1_437' title='bbox 1488 286 1707 342; x_wconf 84' lang='lat' dir='ltr'>JuliiPapae</span> <span class='ocrx_word' id='word_1_438' title='bbox 1732 286 1963 333; x_wconf 75' lang='lat' dir='ltr'>interitum,</span> <span class='ocrx_word' id='word_1_439' title='bbox 1989 282 2145 336; x_wconf 90' lang='lat' dir='ltr'>eiusque</span> 
     </span>
     <span class='ocr_line' id='line_1_78' title="bbox 1127 336 2148 388; baseline -0.002 -8"><span class='ocrx_word' id='word_1_440' title='bbox 1127 336 1326 382; x_wconf 76' lang='lat' dir='ltr'>successori</span> <span class='ocrx_word' id='word_1_441' title='bbox 1353 341 1480 384; x_wconf 90' lang='lat' dir='ltr'>Leoni</span> <span class='ocrx_word' id='word_1_442' title='bbox 1508 341 1620 388; x_wconf 83' lang='lat' dir='ltr'>Papae</span> <span class='ocrx_word' id='word_1_443' title='bbox 1648 341 1745 381; x_wconf 88' lang='lat' dir='ltr'>X.&amp;</span> <span class='ocrx_word' id='word_1_444' title='bbox 1773 337 1962 381; x_wconf 89' lang='lat' dir='ltr'>Concilio</span> <span class='ocrx_word' id='word_1_445' title='bbox 1988 337 2148 385; x_wconf 81' lang='lat' dir='ltr'>Latera·</span> 
     </span>
     <span class='ocr_line' id='line_1_79' title="bbox 1131 388 2148 441; baseline -0.004 -8"><span class='ocrx_word' id='word_1_446' title='bbox 1131 392 1238 434; x_wconf 87' lang='lat' dir='ltr'>nenfi</span> <span class='ocrx_word' id='word_1_447' title='bbox 1264 396 1417 437; x_wconf 84' lang='lat' dir='ltr'>veniam</span> <span class='ocrx_word' id='word_1_448' title='bbox 1429 390 1707 440; x_wconf 69' lang='lat' dir='ltr'>supplicantes,</span> <span class='ocrx_word' id='word_1_449' title='bbox 1735 390 1918 441; x_wconf 72' lang='lat' dir='ltr'>dietaque</span> <span class='ocrx_word' id='word_1_450' title='bbox 1946 388 2148 439; x_wconf 80' lang='lat' dir='ltr'>palinodia</span> 
     </span>
    </p>
   </div>
   <div class='ocr_carea' id='block_1_9' title="bbox 1130 440 2212 493">
    <p class='ocr_par' dir='ltr' id='par_1_9' title="bbox 1130 440 2212 493">
     <span class='ocr_line' id='line_1_80' title="bbox 1130 440 2212 493; baseline -0.005 -9"><span class='ocrx_word' id='word_1_451' title='bbox 1130 443 1419 489; x_wconf 84' lang='lat' dir='ltr'>absolutionem</span> <span class='ocrx_word' id='word_1_452' title='bbox 1447 442 1685 492; x_wconf 71' lang='lat' dir='ltr'>obtinuere,</span> <span class='ocrx_word' id='word_1_453' title='bbox 1718 440 1959 493; x_wconf 87' lang='lat' dir='ltr'>pristinisque</span> <span class='ocrx_word' id='word_1_454' title='bbox 1986 441 2150 482; x_wconf 70' lang='lat' dir='ltr'>honori·⁴</span> <span class='ocrx_word' id='word_1_455' title='bbox 2209 478 2212 479; x_wconf 19' lang='lat'><em>⁷</em></span> 
     </span>
    </p>
   </div>
   <div class='ocr_carea' id='block_1_10' title="bbox 1118 491 2155 3682">
    <p class='ocr_par' dir='ltr' id='par_1_10' title="bbox 1127 491 2152 912">
     <span class='ocr_line' id='line_1_81' title="bbox 1130 491 2152 548; baseline -0.005 -10"><span class='ocrx_word' id='word_1_456' title='bbox 1130 497 1201 538; x_wconf 90' lang='lat' dir='ltr'>bus</span> <span class='ocrx_word' id='word_1_457' title='bbox 1229 498 1479 548; x_wconf 76' lang='lat' dir='ltr'>benignitate</span> <span class='ocrx_word' id='word_1_458' title='bbox 1498 495 1644 539; x_wconf 89' lang='lat' dir='ltr'>Leonis</span> <span class='ocrx_word' id='word_1_459' title='bbox 1672 495 1838 537; x_wconf 86' lang='lat' dir='ltr'>restituti</span> <span class='ocrx_word' id='word_1_460' title='bbox 1865 491 1953 534; x_wconf 83' lang='lat' dir='ltr'>sunt</span> <span class='ocrx_word' id='word_1_461' title='bbox 1983 497 2023 534; x_wconf 88' lang='lat' dir='ltr'>in</span> <span class='ocrx_word' id='word_1_462' title='bbox 2051 497 2152 533; x_wconf 89' lang='lat' dir='ltr'>inte-</span> 
     </span>
     <span class='ocr_line' id='line_1_82' title="bbox 1129 544 2149 602; baseline -0.007 -11"><span class='ocrx_word' id='word_1_463' title='bbox 1129 564 1239 602; x_wconf 88' lang='lat' dir='ltr'>grum</span> <span class='ocrx_word' id='word_1_464' title='bbox 1267 580 1278 590; x_wconf 90' lang='lat'>.</span> <span class='ocrx_word' id='word_1_465' title='bbox 1303 549 1388 593; x_wconf 77' lang='lat' dir='ltr'>Rex</span> <span class='ocrx_word' id='word_1_466' title='bbox 1414 546 1508 592; x_wconf 67' lang='lat' dir='ltr'>vero</span> <span class='ocrx_word' id='word_1_467' title='bbox 1535 548 1758 590; x_wconf 85' lang='lat' dir='ltr'>Ludovicus</span> <span class='ocrx_word' id='word_1_468' title='bbox 1786 544 1897 586; x_wconf 84' lang='lat' dir='ltr'>miffis</span> <span class='ocrx_word' id='word_1_469' title='bbox 1926 545 2149 586; x_wconf 89' lang='lat' dir='ltr'>oratoribus</span> 
     </span>
     <span class='ocr_line' id='line_1_83' title="bbox 1131 595 2150 650; baseline -0.008 -6"><span class='ocrx_word' id='word_1_470' title='bbox 1131 602 1306 644; x_wconf 90' lang='lat' dir='ltr'>Claudio</span> <span class='ocrx_word' id='word_1_471' title='bbox 1331 599 1461 645; x_wconf 81' lang='lat' dir='ltr'>Seiffel</span> <span class='ocrx_word' id='word_1_472' title='bbox 1475 597 1668 650; x_wconf 84' lang='lat' dir='ltr'>Episcopo</span> <span class='ocrx_word' id='word_1_473' title='bbox 1695 595 1935 644; x_wconf 76' lang='lat' dir='ltr'>Massiliensi,</span> <span class='ocrx_word' id='word_1_474' title='bbox 1964 600 2004 637; x_wconf 88' lang='lat'>&amp;</span> <span class='ocrx_word' id='word_1_475' title='bbox 2019 597 2150 638; x_wconf 89' lang='lat' dir='ltr'>Ludo-</span> 
     </span>
     <span class='ocr_line' id='line_1_84' title="bbox 1130 651 2150 699; baseline -0.007 -5"><span class='ocrx_word' id='word_1_476' title='bbox 1130 656 1221 695; x_wconf 87' lang='lat' dir='ltr'>vico</span> <span class='ocrx_word' id='word_1_477' title='bbox 1248 655 1294 696; x_wconf 92' lang='lat' dir='ltr'>de</span> <span class='ocrx_word' id='word_1_478' title='bbox 1322 653 1466 696; x_wconf 87' lang='lat' dir='ltr'>Forbin</span> <span class='ocrx_word' id='word_1_479' title='bbox 1494 651 1634 693; x_wconf 88' lang='lat' dir='ltr'>Solerii</span> <span class='ocrx_word' id='word_1_480' title='bbox 1661 653 1842 693; x_wconf 89' lang='lat' dir='ltr'>Domino</span> <span class='ocrx_word' id='word_1_481' title='bbox 1868 674 1883 697; x_wconf 89' lang='lat'>,</span> <span class='ocrx_word' id='word_1_482' title='bbox 1912 653 1953 697; x_wconf 78' lang='lat' dir='ltr'>in</span> <span class='ocrx_word' id='word_1_483' title='bbox 1981 651 2150 699; x_wconf 83' lang='lat' dir='ltr'>gratiam</span> 
     </span>
     <span class='ocr_line' id='line_1_85' title="bbox 1130 699 2152 748; baseline -0.007 -1"><span class='ocrx_word' id='word_1_484' title='bbox 1130 706 1275 748; x_wconf 82' lang='lat' dir='ltr'>Leonis</span> <span class='ocrx_word' id='word_1_485' title='bbox 1301 709 1341 748; x_wconf 87' lang='lat'>&amp;</span> <span class='ocrx_word' id='word_1_486' title='bbox 1375 706 1471 747; x_wconf 89' lang='lat' dir='ltr'>sacri</span> <span class='ocrx_word' id='word_1_487' title='bbox 1507 703 1685 748; x_wconf 82' lang='lat' dir='ltr'>Concilii</span> <span class='ocrx_word' id='word_1_488' title='bbox 1720 699 1942 745; x_wconf 73' lang='lat' dir='ltr'>honorifice</span> <span class='ocrx_word' id='word_1_489' title='bbox 1978 713 2152 747; x_wconf 88' lang='lat' dir='ltr'>receptus</span> 
     </span>
     <span class='ocr_line' id='line_1_86' title="bbox 1128 751 2151 803; baseline -0.009 -4"><span class='ocrx_word' id='word_1_490' title='bbox 1128 757 1200 800; x_wconf 87' lang='lat' dir='ltr'>fuit</span> <span class='ocrx_word' id='word_1_491' title='bbox 1219 778 1231 799; x_wconf 92' lang='grc'>.-</span> <span class='ocrx_word' id='word_1_492' title='bbox 1259 758 1416 801; x_wconf 85' lang='lat' dir='ltr'>Pisanus</span> <span class='ocrx_word' id='word_1_493' title='bbox 1441 756 1533 799; x_wconf 74' lang='lat' dir='ltr'>veto</span> <span class='ocrx_word' id='word_1_494' title='bbox 1561 769 1779 797; x_wconf 86' lang='lat' dir='ltr'>conventus</span> <span class='ocrx_word' id='word_1_495' title='bbox 1809 751 1898 796; x_wconf 77' lang='lat' dir='ltr'>Pisis</span> <span class='ocrx_word' id='word_1_496' title='bbox 1938 755 2108 803; x_wconf 68' lang='lat' dir='ltr'>inceptus</span> <span class='ocrx_word' id='word_1_497' title='bbox 2133 776 2151 798; x_wconf 81' lang='lat'>,</span> 
     </span>
     <span class='ocr_line' id='line_1_87' title="bbox 1130 804 2152 897; baseline -0.008 -47"><span class='ocrx_word' id='word_1_498' title='bbox 1130 812 1219 852; x_wconf 88' lang='lat' dir='ltr'>inde</span> <span class='ocrx_word' id='word_1_499' title='bbox 1247 812 1521 853; x_wconf 81' lang='lat' dir='ltr'>Mediolanum</span> <span class='ocrx_word' id='word_1_500' title='bbox 1540 807 1777 855; x_wconf 86' lang='lat' dir='ltr'>translatus,</span> <span class='ocrx_word' id='word_1_501' title='bbox 1801 804 2152 897; x_wconf 51' lang='lat' dir='ltr'>tandemqkueLug-</span> 
     </span>
     <span class='ocr_line' id='line_1_88' title="bbox 1127 857 2028 912; baseline -0.008 -8"><span class='ocrx_word' id='word_1_502' title='bbox 1127 864 1274 905; x_wconf 88' lang='lat' dir='ltr'>dunum</span> <span class='ocrx_word' id='word_1_503' title='bbox 1297 890 1312 912; x_wconf 86' lang='lat'>,</span> <span class='ocrx_word' id='word_1_504' title='bbox 1340 865 1486 907; x_wconf 85' lang='lat' dir='ltr'>foedum</span> <span class='ocrx_word' id='word_1_505' title='bbox 1512 860 1567 906; x_wconf 87' lang='lat' dir='ltr'>ibi</span> <span class='ocrx_word' id='word_1_506' title='bbox 1595 862 1742 902; x_wconf 85' lang='lat' dir='ltr'>exitum</span> <span class='ocrx_word' id='word_1_507' title='bbox 1769 857 1924 901; x_wconf 80' lang='lat' dir='ltr'>sortitus</span> <span class='ocrx_word' id='word_1_508' title='bbox 1952 871 1972 898; x_wconf 90' lang='lat' dir='ltr'>e</span> <span class='ocrx_word' id='word_1_509' title='bbox 2017 882 2028 893; x_wconf 90' lang='lat'><strong>·</strong></span> 
     </span>
    </p>

    <p class='ocr_par' dir='ltr' id='par_1_11' title="bbox 1118 908 2155 3674">
     <span class='ocr_line' id='line_1_89' title="bbox 1182 908 2155 958; baseline -0.012 0"><span class='ocrx_word' id='word_1_510' title='bbox 1182 924 1218 958; x_wconf 90' lang='lat'>6.</span> <span class='ocrx_word' id='word_1_511' title='bbox 1244 915 1379 958; x_wconf 77' lang='lat' dir='ltr'>Multo</span> <span class='ocrx_word' id='word_1_512' title='bbox 1415 912 1714 958; x_wconf 79' lang='lat' dir='ltr'>laudabiliorem</span> <span class='ocrx_word' id='word_1_513' title='bbox 1742 908 1778 952; x_wconf 91' lang='lat' dir='ltr'>se</span> <span class='ocrx_word' id='word_1_514' title='bbox 1817 910 2038 954; x_wconf 90' lang='lat' dir='ltr'>Ludovicus</span> <span class='ocrx_word' id='word_1_515' title='bbox 2065 919 2155 954; x_wconf 82' lang='lat' dir='ltr'>prae-</span> 
     </span>
     <span class='ocr_line' id='line_1_90' title="bbox 1126 961 2150 1013; baseline -0.011 -4"><span class='ocrx_word' id='word_1_516' title='bbox 1126 967 1273 1010; x_wconf 86' lang='lat' dir='ltr'>stiterat</span> <span class='ocrx_word' id='word_1_517' title='bbox 1284 973 1323 1011; x_wconf 90' lang='lat' dir='ltr'>in</span> <span class='ocrx_word' id='word_1_518' title='bbox 1349 968 1645 1011; x_wconf 81' lang='lat' dir='ltr'>convocatione</span> <span class='ocrx_word' id='word_1_519' title='bbox 1655 962 1885 1006; x_wconf 87' lang='lat' dir='ltr'>Antistitum</span> <span class='ocrx_word' id='word_1_520' title='bbox 1896 961 2150 1013; x_wconf 84' lang='lat' dir='ltr'>&amp;insignium</span> 
     </span>
     <span class='ocr_line' id='line_1_91' title="bbox 1126 1011 2153 1072; baseline -0.012 -9"><span class='ocrx_word' id='word_1_521' title='bbox 1126 1022 1351 1063; x_wconf 67' lang='lat' dir='ltr'>Doctorum</span> <span class='ocrx_word' id='word_1_522' title='bbox 1378 1021 1503 1072; x_wconf 87' lang='lat' dir='ltr'>Regni</span> <span class='ocrx_word' id='word_1_523' title='bbox 1529 1018 1584 1062; x_wconf 86' lang='lat' dir='ltr'>sui</span> <span class='ocrx_word' id='word_1_524' title='bbox 1611 1016 1714 1066; x_wconf 87' lang='lat' dir='ltr'>apud</span> <span class='ocrx_word' id='word_1_525' title='bbox 1741 1017 1940 1059; x_wconf 79' lang='lat' dir='ltr'>Turones,</span> <span class='ocrx_word' id='word_1_526' title='bbox 1962 1014 1984 1055; x_wconf 77' lang='grc' dir='ltr'>ὲ</span> <span class='ocrx_word' id='word_1_527' title='bbox 2012 1011 2153 1063; x_wconf 81' lang='lat' dir='ltr'>quibus</span> 
     </span>
     <span class='ocr_line' id='line_1_92' title="bbox 1126 1062 2154 1123; baseline -0.011 -9"><span class='ocrx_word' id='word_1_528' title='bbox 1126 1076 1243 1114; x_wconf 88' lang='lat' dir='ltr'>etiam</span> <span class='ocrx_word' id='word_1_529' title='bbox 1252 1072 1487 1123; x_wconf 82' lang='lat' dir='ltr'>sapientoira</span> <span class='ocrx_word' id='word_1_530' title='bbox 1507 1070 1791 1115; x_wconf 87' lang='lat' dir='ltr'>&amp;modestiora</span> <span class='ocrx_word' id='word_1_531' title='bbox 1803 1062 1980 1115; x_wconf 88' lang='lat' dir='ltr'>responsa</span> <span class='ocrx_word' id='word_1_532' title='bbox 1994 1064 2125 1105; x_wconf 88' lang='lat' dir='ltr'>retulit</span> <span class='ocrx_word' id='word_1_533' title='bbox 2135 1087 2154 1110; x_wconf 86' lang='lat'>,</span> 
     </span>
     <span class='ocr_line' id='line_1_93' title="bbox 1126 1119 2150 1176; baseline -0.012 -9"><span class='ocrx_word' id='word_1_534' title='bbox 1126 1126 1244 1176; x_wconf 74' lang='lat' dir='ltr'>quam</span> <span class='ocrx_word' id='word_1_535' title='bbox 1253 1129 1291 1166; x_wconf 91' lang='lat' dir='ltr'>in</span> <span class='ocrx_word' id='word_1_536' title='bbox 1302 1128 1591 1168; x_wconf 87' lang='lat' dir='ltr'>convocatione</span> <span class='ocrx_word' id='word_1_537' title='bbox 1601 1121 1725 1165; x_wconf 85' lang='lat' dir='ltr'>Pisani</span> <span class='ocrx_word' id='word_1_538' title='bbox 1735 1119 1840 1161; x_wconf 87' lang='lat' dir='ltr'>illius</span> <span class='ocrx_word' id='word_1_539' title='bbox 1849 1131 1954 1170; x_wconf 65' lang='lat' dir='ltr'>cetus</span> <span class='ocrx_word' id='word_1_540' title='bbox 1963 1143 1981 1166; x_wconf 87' lang='lat'>,</span> <span class='ocrx_word' id='word_1_541' title='bbox 2008 1129 2056 1158; x_wconf 86' lang='lat' dir='ltr'>ex</span> <span class='ocrx_word' id='word_1_542' title='bbox 2068 1126 2150 1168; x_wconf 90' lang='lat' dir='ltr'>quo</span> 
     </span>
     <span class='ocr_line' id='line_1_94' title="bbox 1126 1168 2155 1226; baseline -0.014 -5"><span class='ocrx_word' id='word_1_543' title='bbox 1126 1179 1299 1221; x_wconf 87' lang='lat' dir='ltr'>exitialia</span> <span class='ocrx_word' id='word_1_544' title='bbox 1321 1178 1476 1220; x_wconf 87' lang='lat' dir='ltr'>decreta</span> <span class='ocrx_word' id='word_1_545' title='bbox 1487 1176 1736 1226; x_wconf 87' lang='lat' dir='ltr'>prodierunt.</span> <span class='ocrx_word' id='word_1_546' title='bbox 1766 1168 1983 1215; x_wconf 84' lang='lat' dir='ltr'>Turonenfi</span> <span class='ocrx_word' id='word_1_547' title='bbox 2001 1183 2155 1210; x_wconf 84' lang='lat' dir='ltr'>convo-</span> 
     </span>
     <span class='ocr_line' id='line_1_95' title="bbox 1126 1223 2155 1280; baseline -0.003 -7"><span class='ocrx_word' id='word_1_548' title='bbox 1126 1233 1277 1273; x_wconf 86' lang='lat' dir='ltr'>cationi</span> <span class='ocrx_word' id='word_1_549' title='bbox 1297 1228 1500 1280; x_wconf 86' lang='lat' dir='ltr'>praepofitae</span> <span class='ocrx_word' id='word_1_550' title='bbox 1510 1226 1665 1270; x_wconf 87' lang='lat' dir='ltr'>suerunt</span> <span class='ocrx_word' id='word_1_551' title='bbox 1674 1224 1944 1269; x_wconf 74' lang='lat' dir='ltr'>examinandae</span> <span class='ocrx_word' id='word_1_552' title='bbox 1957 1223 2052 1263; x_wconf 68' lang='grc' dir='ltr'>οίὶο</span> <span class='ocrx_word' id='word_1_553' title='bbox 2063 1235 2107 1270; x_wconf 71' lang='lat' dir='ltr'>Fr</span> <span class='ocrx_word' id='word_1_554' title='bbox 2111 1235 2155 1260; x_wconf 87' lang='lat'>0·</span> 
     </span>
     <span class='ocr_line' id='line_1_96' title="bbox 1126 1274 2154 1333; baseline -0.012 -9"><span class='ocrx_word' id='word_1_555' title='bbox 1126 1281 1360 1333; x_wconf 81' lang='lat' dir='ltr'>positiones,</span> <span class='ocrx_word' id='word_1_556' title='bbox 1389 1280 1530 1333; x_wconf 90' lang='lat' dir='ltr'>quibus</span> <span class='ocrx_word' id='word_1_557' title='bbox 1543 1280 1691 1322; x_wconf 83' lang='lat' dir='ltr'>reddita</span> <span class='ocrx_word' id='word_1_558' title='bbox 1708 1277 1796 1320; x_wconf 86' lang='lat' dir='ltr'>sunt</span> <span class='ocrx_word' id='word_1_559' title='bbox 1811 1276 1979 1319; x_wconf 86' lang='lat' dir='ltr'>totidem</span> <span class='ocrx_word' id='word_1_560' title='bbox 1995 1274 2154 1330; x_wconf 71' lang='lat' dir='ltr'>praecla-</span> 
     </span>
     <span class='ocr_line' id='line_1_97' title="bbox 1127 1326 2154 1386; baseline -0.013 -9"><span class='ocrx_word' id='word_1_561' title='bbox 1127 1351 1170 1379; x_wconf 92' lang='lat' dir='ltr'>ra</span> <span class='ocrx_word' id='word_1_562' title='bbox 1189 1332 1393 1385; x_wconf 87' lang='lat' dir='ltr'>responsa,</span> <span class='ocrx_word' id='word_1_563' title='bbox 1420 1346 1505 1384; x_wconf 87' lang='lat' dir='ltr'>quae</span> <span class='ocrx_word' id='word_1_564' title='bbox 1514 1330 1746 1383; x_wconf 84' lang='lat' dir='ltr'>sequuntur.</span> <span class='ocrx_word' id='word_1_565' title='bbox 1773 1329 1986 1386; x_wconf 72' lang='lat' dir='ltr'>Quaesitum</span> <span class='ocrx_word' id='word_1_566' title='bbox 2004 1326 2059 1369; x_wconf 85' lang='lat' dir='ltr'>est</span> <span class='ocrx_word' id='word_1_567' title='bbox 2078 1330 2154 1365; x_wconf 77' lang='lat' dir='ltr'>Prt-</span> 
     </span>
     <span class='ocr_line' id='line_1_98' title="bbox 1126 1379 2152 1437; baseline -0.013 -8"><span class='ocrx_word' id='word_1_568' title='bbox 1126 1389 1201 1429; x_wconf 66' lang='grc' dir='ltr'>νηὸς</span> <span class='ocrx_word' id='word_1_569' title='bbox 1229 1386 1373 1430; x_wconf 60' lang='lat' dir='ltr'>Utrum</span> <span class='ocrx_word' id='word_1_570' title='bbox 1400 1388 1501 1435; x_wconf 65' lang='lat' dir='ltr'>Pap-3</span> <span class='ocrx_word' id='word_1_571' title='bbox 1520 1386 1659 1437; x_wconf 74' lang='lat' dir='ltr'>liceat,</span> <span class='ocrx_word' id='word_1_572' title='bbox 1687 1383 1754 1423; x_wconf 89' lang='lat' dir='ltr'>ubi</span> <span class='ocrx_word' id='word_1_573' title='bbox 1770 1396 1898 1433; x_wconf 88' lang='lat' dir='ltr'>neque</span> <span class='ocrx_word' id='word_1_574' title='bbox 1916 1382 1962 1422; x_wconf 90' lang='lat' dir='ltr'>de</span> <span class='ocrx_word' id='word_1_575' title='bbox 1981 1379 2152 1429; x_wconf 84' lang='lat' dir='ltr'>Religio-</span> 
     </span>
     <span class='ocr_line' id='line_1_99' title="bbox 1127 1427 2155 1491; baseline -0.013 -9"><span class='ocrx_word' id='word_1_576' title='bbox 1127 1457 1178 1482; x_wconf 90' lang='lat' dir='ltr'>ne</span> <span class='ocrx_word' id='word_1_577' title='bbox 1204 1443 1329 1491; x_wconf 86' lang='lat' dir='ltr'>agitur</span> <span class='ocrx_word' id='word_1_578' title='bbox 1347 1463 1364 1487; x_wconf 83' lang='lat'>,</span> <span class='ocrx_word' id='word_1_579' title='bbox 1399 1450 1526 1488; x_wconf 89' lang='lat' dir='ltr'>neque</span> <span class='ocrx_word' id='word_1_580' title='bbox 1553 1436 1601 1478; x_wconf 90' lang='lat' dir='ltr'>de</span> <span class='ocrx_word' id='word_1_581' title='bbox 1627 1432 1748 1477; x_wconf 76' lang='lat' dir='ltr'>feudis</span> <span class='ocrx_word' id='word_1_582' title='bbox 1777 1437 1816 1474; x_wconf 89' lang='lat'>&amp;</span> <span class='ocrx_word' id='word_1_583' title='bbox 1845 1434 1985 1480; x_wconf 87' lang='lat' dir='ltr'>juribus</span> <span class='ocrx_word' id='word_1_584' title='bbox 2015 1427 2155 1472; x_wconf 88' lang='lat' dir='ltr'>Eccle-</span> 
     </span>
     <span class='ocr_line' id='line_1_100' title="bbox 1127 1484 2153 1538; baseline -0.012 -3"><span class='ocrx_word' id='word_1_585' title='bbox 1127 1491 1186 1535; x_wconf 82' lang='lat' dir='ltr'>fiae</span> <span class='ocrx_word' id='word_1_586' title='bbox 1214 1493 1426 1538; x_wconf 72' lang='lat' dir='ltr'>Romanae,</span> <span class='ocrx_word' id='word_1_587' title='bbox 1451 1489 1599 1534; x_wconf 84' lang='lat' dir='ltr'>bellum</span> <span class='ocrx_word' id='word_1_588' title='bbox 1627 1485 1763 1528; x_wconf 88' lang='lat' dir='ltr'>inferre</span> <span class='ocrx_word' id='word_1_589' title='bbox 1793 1484 2037 1535; x_wconf 87' lang='lat' dir='ltr'>Principibus</span> <span class='ocrx_word' id='word_1_590' title='bbox 2059 1497 2153 1524; x_wconf 83' lang='lat' dir='ltr'>tem-</span> 
     </span>
     <span class='ocr_line' id='line_1_101' title="bbox 1127 1536 2151 1597; baseline -0.012 -11"><span class='ocrx_word' id='word_1_591' title='bbox 1127 1544 1351 1597; x_wconf 84' lang='lat' dir='ltr'>poralibus,</span> <span class='ocrx_word' id='word_1_592' title='bbox 1379 1554 1450 1583; x_wconf 87' lang='lat' dir='ltr'>aut</span> <span class='ocrx_word' id='word_1_593' title='bbox 1463 1543 1615 1588; x_wconf 80' lang='lat' dir='ltr'>Terris,</span> <span class='ocrx_word' id='word_1_594' title='bbox 1644 1553 1729 1591; x_wconf 85' lang='lat' dir='ltr'>quae</span> <span class='ocrx_word' id='word_1_595' title='bbox 1758 1554 1839 1579; x_wconf 92' lang='lat' dir='ltr'>non</span> <span class='ocrx_word' id='word_1_596' title='bbox 1868 1536 1955 1578; x_wconf 91' lang='lat' dir='ltr'>sunt</span> <span class='ocrx_word' id='word_1_597' title='bbox 1985 1541 2063 1586; x_wconf 81' lang='lat' dir='ltr'>ejus</span> <span class='ocrx_word' id='word_1_598' title='bbox 2083 1549 2151 1586; x_wconf 87' lang='lat' dir='ltr'>pa-</span> 
     </span>
     <span class='ocr_line' id='line_1_102' title="bbox 1127 1586 2152 1641; baseline -0.013 -1"><span class='ocrx_word' id='word_1_599' title='bbox 1127 1600 1338 1641; x_wconf 72' lang='lat' dir='ltr'>trimonia?</span> <span class='ocrx_word' id='word_1_600' title='bbox 1366 1591 1607 1638; x_wconf 85' lang='lat' dir='ltr'>Conclusum</span> <span class='ocrx_word' id='word_1_601' title='bbox 1618 1591 1694 1639; x_wconf 85' lang='lat' dir='ltr'>est,</span> <span class='ocrx_word' id='word_1_602' title='bbox 1723 1590 1955 1637; x_wconf 87' lang='lat' dir='ltr'>nonlicere,</span> <span class='ocrx_word' id='word_1_603' title='bbox 1985 1604 2055 1631; x_wconf 90' lang='lat' dir='ltr'>nec</span> <span class='ocrx_word' id='word_1_604' title='bbox 2067 1586 2152 1639; x_wconf 87' lang='lat' dir='ltr'>pos-</span> 
     </span>
     <span class='ocr_line' id='line_1_103' title="bbox 1127 1641 2151 1698; baseline -0.011 -7"><span class='ocrx_word' id='word_1_605' title='bbox 1127 1649 1187 1698; x_wconf 84' lang='lat' dir='ltr'>se,</span> <span class='ocrx_word' id='word_1_606' title='bbox 1216 1664 1285 1694; x_wconf 86' lang='lat' dir='ltr'>nec</span> <span class='ocrx_word' id='word_1_607' title='bbox 1295 1647 1454 1689; x_wconf 74' lang='lat' dir='ltr'>debere.</span> <span class='ocrx_word' id='word_1_608' title='bbox 1480 1643 1648 1688; x_wconf 71' lang='lat' dir='ltr'>Secundci:</span> <span class='ocrx_word' id='word_1_609' title='bbox 1677 1642 1744 1684; x_wconf 89' lang='lat' dir='ltr'>An</span> <span class='ocrx_word' id='word_1_610' title='bbox 1761 1641 1914 1684; x_wconf 87' lang='lat' dir='ltr'>licitum</span> <span class='ocrx_word' id='word_1_611' title='bbox 1928 1641 1971 1683; x_wconf 85' lang='lat' dir='ltr'>sit</span> <span class='ocrx_word' id='word_1_612' title='bbox 1985 1643 2151 1688; x_wconf 86' lang='lat' dir='ltr'>Principi</span> 
     </span>
     <span class='ocr_line' id='line_1_104' title="bbox 1128 1692 2154 1746; baseline -0.01 -3"><span class='ocrx_word' id='word_1_613' title='bbox 1128 1702 1176 1744; x_wconf 90' lang='lat' dir='ltr'>fic</span> <span class='ocrx_word' id='word_1_614' title='bbox 1195 1699 1366 1745; x_wconf 82' lang='lat' dir='ltr'>lacessito</span> <span class='ocrx_word' id='word_1_615' title='bbox 1387 1701 1466 1740; x_wconf 87' lang='lat' dir='ltr'>vim</span> <span class='ocrx_word' id='word_1_616' title='bbox 1492 1700 1532 1739; x_wconf 87' lang='lat' dir='ltr'>vi</span> <span class='ocrx_word' id='word_1_617' title='bbox 1548 1695 1733 1746; x_wconf 88' lang='lat' dir='ltr'>repellere</span> <span class='ocrx_word' id='word_1_618' title='bbox 1751 1720 1766 1744; x_wconf 71' lang='grc' dir='ltr'>ι,</span> <span class='ocrx_word' id='word_1_619' title='bbox 1802 1692 2000 1746; x_wconf 87' lang='lat' dir='ltr'>terrasque</span> <span class='ocrx_word' id='word_1_620' title='bbox 2019 1694 2154 1734; x_wconf 85' lang='lat' dir='ltr'>Eccle.</span> 
     </span>
     <span class='ocr_line' id='line_1_105' title="bbox 1127 1746 2153 1801; baseline -0.012 -5"><span class='ocrx_word' id='word_1_621' title='bbox 1127 1754 1184 1796; x_wconf 88' lang='lat' dir='ltr'>fiae</span> <span class='ocrx_word' id='word_1_622' title='bbox 1203 1753 1384 1797; x_wconf 88' lang='lat' dir='ltr'>invadere</span> <span class='ocrx_word' id='word_1_623' title='bbox 1401 1775 1418 1800; x_wconf 89' lang='lat'>,</span> <span class='ocrx_word' id='word_1_624' title='bbox 1446 1765 1530 1792; x_wconf 91' lang='lat' dir='ltr'>non</span> <span class='ocrx_word' id='word_1_625' title='bbox 1551 1749 1708 1801; x_wconf 89' lang='lat' dir='ltr'>quidem</span> <span class='ocrx_word' id='word_1_626' title='bbox 1723 1760 1854 1789; x_wconf 88' lang='lat' dir='ltr'>mente</span> <span class='ocrx_word' id='word_1_627' title='bbox 1871 1746 1957 1787; x_wconf 88' lang='lat' dir='ltr'>illas</span> <span class='ocrx_word' id='word_1_628' title='bbox 1979 1749 2153 1786; x_wconf 90' lang='lat' dir='ltr'>retinen-</span> 
     </span>
     <span class='ocr_line' id='line_1_106' title="bbox 1127 1796 2147 1856; baseline -0.009 -8"><span class='ocrx_word' id='word_1_629' title='bbox 1127 1808 1192 1856; x_wconf 90' lang='lat' dir='ltr'>di,</span> <span class='ocrx_word' id='word_1_630' title='bbox 1222 1805 1283 1848; x_wconf 87' lang='lat' dir='ltr'>sed</span> <span class='ocrx_word' id='word_1_631' title='bbox 1297 1802 1420 1847; x_wconf 71' lang='lat' dir='ltr'>solnm</span> <span class='ocrx_word' id='word_1_632' title='bbox 1434 1801 1687 1852; x_wconf 76' lang='lat' dir='ltr'>impediendi,</span> <span class='ocrx_word' id='word_1_633' title='bbox 1717 1815 1766 1840; x_wconf 91' lang='lat' dir='ltr'>ne</span> <span class='ocrx_word' id='word_1_634' title='bbox 1779 1801 1884 1848; x_wconf 86' lang='lat' dir='ltr'>Papa</span> <span class='ocrx_word' id='word_1_635' title='bbox 1895 1796 2147 1848; x_wconf 85' lang='lat' dir='ltr'>perillasfiat</span> 
     </span>
     <span class='ocr_line' id='line_1_107' title="bbox 1126 1849 2149 1911; baseline -0.014 -7"><span class='ocrx_word' id='word_1_636' title='bbox 1126 1863 1330 1911; x_wconf 81' lang='lat' dir='ltr'>potentior</span> <span class='ocrx_word' id='word_1_637' title='bbox 1356 1857 1407 1900; x_wconf 88' lang='lat' dir='ltr'>ad</span> <span class='ocrx_word' id='word_1_638' title='bbox 1425 1855 1600 1908; x_wconf 87' lang='lat' dir='ltr'>injustam</span> <span class='ocrx_word' id='word_1_639' title='bbox 1625 1850 1878 1894; x_wconf 78' lang='lat' dir='ltr'>offensionem</span> <span class='ocrx_word' id='word_1_640' title='bbox 1894 1876 1908 1899; x_wconf 85' lang='lat'>,</span> <span class='ocrx_word' id='word_1_641' title='bbox 1936 1866 1982 1891; x_wconf 85' lang='lat' dir='ltr'>ac</span> <span class='ocrx_word' id='word_1_642' title='bbox 2010 1849 2149 1892; x_wconf 86' lang='lat' dir='ltr'>deinde</span> 
     </span>
     <span class='ocr_line' id='line_1_108' title="bbox 1126 1901 2147 1964; baseline -0.016 -7"><span class='ocrx_word' id='word_1_643' title='bbox 1126 1913 1343 1964; x_wconf 82' lang='lat' dir='ltr'>composita</span> <span class='ocrx_word' id='word_1_644' title='bbox 1356 1927 1451 1963; x_wconf 88' lang='lat' dir='ltr'>pace</span> <span class='ocrx_word' id='word_1_645' title='bbox 1462 1909 1613 1953; x_wconf 87' lang='lat' dir='ltr'>easdem</span> <span class='ocrx_word' id='word_1_646' title='bbox 1633 1904 1878 1963; x_wconf 81' lang='lat' dir='ltr'>restituendi?</span> <span class='ocrx_word' id='word_1_647' title='bbox 1908 1901 2147 1962; x_wconf 71' lang='lat' dir='ltr'>Responsum</span> 
     </span>
     <span class='ocr_line' id='line_1_109' title="bbox 1126 1954 2148 2010; baseline -0.016 0"><span class='ocrx_word' id='word_1_648' title='bbox 1126 1969 1181 2010; x_wconf 89' lang='lat' dir='ltr'>est</span> <span class='ocrx_word' id='word_1_649' title='bbox 1197 1967 1255 2008; x_wconf 89' lang='lat' dir='ltr'>his</span> <span class='ocrx_word' id='word_1_650' title='bbox 1276 1965 1571 2008; x_wconf 82' lang='lat' dir='ltr'>conditionibus</span> <span class='ocrx_word' id='word_1_651' title='bbox 1598 1962 1749 2002; x_wconf 87' lang='lat' dir='ltr'>licitum</span> <span class='ocrx_word' id='word_1_652' title='bbox 1773 1956 1844 2000; x_wconf 87' lang='lat' dir='ltr'>esse</span> <span class='ocrx_word' id='word_1_653' title='bbox 1865 1986 1876 1996; x_wconf 91' lang='lat'>.</span> <span class='ocrx_word' id='word_1_654' title='bbox 1902 1954 2027 1996; x_wconf 66' lang='lat' dir='ltr'>Terta&gt;</span> <span class='ocrx_word' id='word_1_655' title='bbox 2047 1972 2056 1994; x_wconf 72' lang='grc' dir='ltr'><strong>ε</strong></span> <span class='ocrx_word' id='word_1_656' title='bbox 2085 1957 2148 1995; x_wconf 87' lang='lat' dir='ltr'>An</span> 
     </span>
     <span class='ocr_line' id='line_1_110' title="bbox 1127 2011 2149 2070; baseline -0.012 -10"><span class='ocrx_word' id='word_1_657' title='bbox 1127 2019 1341 2070; x_wconf 84' lang='lat' dir='ltr'>hujusmodi</span> <span class='ocrx_word' id='word_1_658' title='bbox 1361 2018 1494 2059; x_wconf 90' lang='lat' dir='ltr'>odium</span> <span class='ocrx_word' id='word_1_659' title='bbox 1506 2017 1616 2064; x_wconf 88' lang='lat' dir='ltr'>Papae</span> <span class='ocrx_word' id='word_1_660' title='bbox 1630 2011 1902 2061; x_wconf 84' lang='lat' dir='ltr'>implacabile,</span> <span class='ocrx_word' id='word_1_661' title='bbox 1931 2016 2012 2062; x_wconf 84' lang='lat' dir='ltr'>quo</span> <span class='ocrx_word' id='word_1_662' title='bbox 2030 2012 2149 2051; x_wconf 87' lang='lat' dir='ltr'>etiam</span> 
     </span>
     <span class='ocr_line' id='line_1_111' title="bbox 1127 2063 2151 2125; baseline -0.01 -12"><span class='ocrx_word' id='word_1_663' title='bbox 1127 2074 1227 2113; x_wconf 84' lang='lat' dir='ltr'>alios</span> <span class='ocrx_word' id='word_1_664' title='bbox 1256 2073 1454 2120; x_wconf 89' lang='lat' dir='ltr'>Principes</span> <span class='ocrx_word' id='word_1_665' title='bbox 1471 2072 1510 2110; x_wconf 88' lang='lat'>&amp;</span> <span class='ocrx_word' id='word_1_666' title='bbox 1538 2064 1786 2115; x_wconf 78' lang='lat' dir='ltr'>Respublicas</span> <span class='ocrx_word' id='word_1_667' title='bbox 1804 2063 1981 2125; x_wconf 65' lang='lat' dir='ltr'>adversus</span> <span class='ocrx_word' id='word_1_668' title='bbox 2010 2065 2151 2104; x_wconf 81' lang='lat' dir='ltr'>Princi-</span> 
     </span>
     <span class='ocr_line' id='line_1_112' title="bbox 1126 2116 2150 2174; baseline -0.01 -8"><span class='ocrx_word' id='word_1_669' title='bbox 1126 2138 1214 2174; x_wconf 90' lang='lat' dir='ltr'>pem</span> <span class='ocrx_word' id='word_1_670' title='bbox 1233 2124 1344 2164; x_wconf 88' lang='lat' dir='ltr'>istum</span> <span class='ocrx_word' id='word_1_671' title='bbox 1360 2123 1602 2170; x_wconf 87' lang='lat' dir='ltr'>concitavit,</span> <span class='ocrx_word' id='word_1_672' title='bbox 1630 2132 1673 2161; x_wconf 91' lang='lat' dir='ltr'>ut</span> <span class='ocrx_word' id='word_1_673' title='bbox 1693 2121 1770 2168; x_wconf 78' lang='lat' dir='ltr'>eius</span> <span class='ocrx_word' id='word_1_674' title='bbox 1793 2130 1914 2158; x_wconf 85' lang='lat' dir='ltr'>terras</span> <span class='ocrx_word' id='word_1_675' title='bbox 1931 2116 2118 2159; x_wconf 86' lang='lat' dir='ltr'>invadant</span> <span class='ocrx_word' id='word_1_676' title='bbox 2132 2142 2150 2164; x_wconf 87' lang='lat'>,</span> 
     </span>
     <span class='ocr_line' id='line_1_113' title="bbox 1128 2171 2149 2228; baseline -0.008 -11"><span class='ocrx_word' id='word_1_677' title='bbox 1128 2180 1195 2228; x_wconf 90' lang='lat' dir='ltr'>qui</span> <span class='ocrx_word' id='word_1_678' title='bbox 1213 2174 1344 2226; x_wconf 75' lang='lat' dir='ltr'>potius</span> <span class='ocrx_word' id='word_1_679' title='bbox 1364 2174 1642 2216; x_wconf 85' lang='lat' dir='ltr'>benevolentia</span> <span class='ocrx_word' id='word_1_680' title='bbox 1659 2171 1711 2213; x_wconf 93' lang='lat' dir='ltr'>ob</span> <span class='ocrx_word' id='word_1_681' title='bbox 1733 2171 1855 2212; x_wconf 89' lang='lat' dir='ltr'>multa</span> <span class='ocrx_word' id='word_1_682' title='bbox 1885 2173 1926 2211; x_wconf 89' lang='lat' dir='ltr'>in</span> <span class='ocrx_word' id='word_1_683' title='bbox 1946 2173 2089 2219; x_wconf 89' lang='lat' dir='ltr'>Papam</span> <span class='ocrx_word' id='word_1_684' title='bbox 2108 2171 2149 2210; x_wconf 74' lang='grc' dir='ltr'>ὃ(</span> 
     </span>
     <span class='ocr_line' id='line_1_114' title="bbox 1127 2221 2149 2277; baseline -0.009 -7"><span class='ocrx_word' id='word_1_685' title='bbox 1127 2230 1265 2271; x_wconf 89' lang='lat' dir='ltr'>Sedem</span> <span class='ocrx_word' id='word_1_686' title='bbox 1276 2227 1543 2277; x_wconf 76' lang='lat' dir='ltr'>Apostolicam</span> <span class='ocrx_word' id='word_1_687' title='bbox 1561 2225 1712 2267; x_wconf 86' lang='lat' dir='ltr'>collata</span> <span class='ocrx_word' id='word_1_688' title='bbox 1721 2221 1909 2265; x_wconf 80' lang='lat' dir='ltr'>beneficia</span> <span class='ocrx_word' id='word_1_689' title='bbox 1923 2223 2059 2274; x_wconf 79' lang='lat' dir='ltr'>dignus</span> <span class='ocrx_word' id='word_1_690' title='bbox 2078 2221 2149 2271; x_wconf 87' lang='lat' dir='ltr'>est,</span> 
     </span>
     <span class='ocr_line' id='line_1_115' title="bbox 1126 2273 2148 2330; baseline -0.008 -8"><span class='ocrx_word' id='word_1_691' title='bbox 1126 2279 1182 2322; x_wconf 85' lang='lat' dir='ltr'>sas</span> <span class='ocrx_word' id='word_1_692' title='bbox 1196 2281 1240 2322; x_wconf 84' lang='lat' dir='ltr'>fit</span> <span class='ocrx_word' id='word_1_693' title='bbox 1261 2283 1432 2330; x_wconf 84' lang='lat' dir='ltr'>Principi</span> <span class='ocrx_word' id='word_1_694' title='bbox 1443 2279 1489 2321; x_wconf 86' lang='lat' dir='ltr'>fic</span> <span class='ocrx_word' id='word_1_695' title='bbox 1505 2276 1595 2320; x_wconf 87' lang='lat' dir='ltr'>laeso</span> <span class='ocrx_word' id='word_1_696' title='bbox 1612 2278 1662 2318; x_wconf 89' lang='lat' dir='ltr'>ab</span> <span class='ocrx_word' id='word_1_697' title='bbox 1678 2274 1862 2325; x_wconf 83' lang='lat' dir='ltr'>eiusmodi</span> <span class='ocrx_word' id='word_1_698' title='bbox 1889 2273 2095 2316; x_wconf 75' lang='lat' dir='ltr'>pontificis</span> <span class='ocrx_word' id='word_1_699' title='bbox 2106 2289 2148 2314; x_wconf 90' lang='lat' dir='ltr'>o-</span> 
     </span>
     <span class='ocr_line' id='line_1_116' title="bbox 1126 2324 2150 2378; baseline -0.006 -5"><span class='ocrx_word' id='word_1_700' title='bbox 1126 2332 1316 2373; x_wconf 83' lang='lat' dir='ltr'>bedientia</span> <span class='ocrx_word' id='word_1_701' title='bbox 1347 2330 1383 2373; x_wconf 91' lang='lat' dir='ltr'>se</span> <span class='ocrx_word' id='word_1_702' title='bbox 1409 2329 1652 2372; x_wconf 86' lang='lat' dir='ltr'>subtrahere?</span> <span class='ocrx_word' id='word_1_703' title='bbox 1681 2325 1918 2378; x_wconf 82' lang='lat' dir='ltr'>Responsum</span> <span class='ocrx_word' id='word_1_704' title='bbox 1945 2327 1998 2367; x_wconf 89' lang='lat' dir='ltr'>est</span> <span class='ocrx_word' id='word_1_705' title='bbox 2026 2325 2082 2366; x_wconf 83' lang='lat' dir='ltr'>fas</span> <span class='ocrx_word' id='word_1_706' title='bbox 2098 2324 2150 2367; x_wconf 81' lang='lat' dir='ltr'>es·</span> 
     </span>
     <span class='ocr_line' id='line_1_117' title="bbox 1126 2375 2147 2431; baseline -0.007 -7"><span class='ocrx_word' id='word_1_707' title='bbox 1126 2383 1186 2431; x_wconf 85' lang='lat' dir='ltr'>se,</span> <span class='ocrx_word' id='word_1_708' title='bbox 1216 2398 1298 2424; x_wconf 90' lang='lat' dir='ltr'>non</span> <span class='ocrx_word' id='word_1_709' title='bbox 1320 2397 1453 2423; x_wconf 88' lang='lat' dir='ltr'>tamen</span> <span class='ocrx_word' id='word_1_710' title='bbox 1466 2381 1645 2423; x_wconf 73' lang='lat' dir='ltr'>absolute</span> <span class='ocrx_word' id='word_1_711' title='bbox 1664 2383 1703 2420; x_wconf 91' lang='lat'>&amp;</span> <span class='ocrx_word' id='word_1_712' title='bbox 1722 2379 1965 2426; x_wconf 68' lang='lat' dir='ltr'>indistintste,</span> <span class='ocrx_word' id='word_1_713' title='bbox 1995 2375 2055 2418; x_wconf 90' lang='lat' dir='ltr'>sed</span> <span class='ocrx_word' id='word_1_714' title='bbox 2073 2391 2147 2426; x_wconf 88' lang='lat' dir='ltr'>pro</span> 
     </span>
     <span class='ocr_line' id='line_1_118' title="bbox 1126 2427 2150 2479; baseline -0.005 -3"><span class='ocrx_word' id='word_1_715' title='bbox 1126 2437 1299 2478; x_wconf 89' lang='lat' dir='ltr'>tuitione</span> <span class='ocrx_word' id='word_1_716' title='bbox 1332 2433 1490 2475; x_wconf 74' lang='lat' dir='ltr'>tantum</span> <span class='ocrx_word' id='word_1_717' title='bbox 1524 2448 1570 2474; x_wconf 91' lang='lat' dir='ltr'>ac</span> <span class='ocrx_word' id='word_1_718' title='bbox 1599 2429 1806 2473; x_wconf 76' lang='lat' dir='ltr'>necessaria.</span> <span class='ocrx_word' id='word_1_719' title='bbox 1840 2427 2057 2471; x_wconf 84' lang='lat' dir='ltr'>defensione</span> <span class='ocrx_word' id='word_1_720' title='bbox 2094 2435 2150 2479; x_wconf 85' lang='lat' dir='ltr'>ju-</span> 
     </span>
     <span class='ocr_line' id='line_1_119' title="bbox 1126 2478 2146 2536; baseline -0.006 -8"><span class='ocrx_word' id='word_1_721' title='bbox 1126 2490 1223 2528; x_wconf 89' lang='lat' dir='ltr'>rium</span> <span class='ocrx_word' id='word_1_722' title='bbox 1240 2485 1391 2527; x_wconf 89' lang='lat' dir='ltr'>suorum</span> <span class='ocrx_word' id='word_1_723' title='bbox 1409 2484 1685 2535; x_wconf 87' lang='lat' dir='ltr'>temporalium</span> <span class='ocrx_word' id='word_1_724' title='bbox 1702 2512 1712 2523; x_wconf 89' lang='lat'>.</span> <span class='ocrx_word' id='word_1_725' title='bbox 1739 2478 1901 2536; x_wconf 66' lang='lat' dir='ltr'>Qartb,</span> <span class='ocrx_word' id='word_1_726' title='bbox 1929 2481 2146 2531; x_wconf 88' lang='lat' dir='ltr'>hujusmodi</span> 
     </span>
     <span class='ocr_line' id='line_1_120' title="bbox 1123 2532 2146 2588; baseline -0.005 -7"><span class='ocrx_word' id='word_1_727' title='bbox 1123 2539 1230 2582; x_wconf 67' lang='lat' dir='ltr'>faeta</span> <span class='ocrx_word' id='word_1_728' title='bbox 1247 2538 1538 2586; x_wconf 68' lang='lat' dir='ltr'>subtractione,</span> <span class='ocrx_word' id='word_1_729' title='bbox 1566 2536 1661 2588; x_wconf 90' lang='lat' dir='ltr'>quid</span> <span class='ocrx_word' id='word_1_730' title='bbox 1671 2537 1865 2587; x_wconf 89' lang='lat' dir='ltr'>agendum</span> <span class='ocrx_word' id='word_1_731' title='bbox 1883 2532 1927 2575; x_wconf 84' lang='lat' dir='ltr'>sit</span> <span class='ocrx_word' id='word_1_732' title='bbox 1945 2548 2027 2576; x_wconf 88' lang='lat' dir='ltr'>tum</span> <span class='ocrx_word' id='word_1_733' title='bbox 2038 2537 2146 2576; x_wconf 90' lang='lat' dir='ltr'>Prin-</span> 
     </span>
     <span class='ocr_line' id='line_1_121' title="bbox 1123 2589 2144 2641; baseline -0.003 -8"><span class='ocrx_word' id='word_1_734' title='bbox 1123 2595 1199 2640; x_wconf 91' lang='lat' dir='ltr'>cipi</span> <span class='ocrx_word' id='word_1_735' title='bbox 1209 2590 1275 2641; x_wconf 87' lang='lat' dir='ltr'>ipfi</span> <span class='ocrx_word' id='word_1_736' title='bbox 1295 2605 1343 2631; x_wconf 88' lang='lat' dir='ltr'>ac</span> <span class='ocrx_word' id='word_1_737' title='bbox 1362 2589 1520 2631; x_wconf 86' lang='lat' dir='ltr'>subditis</span> <span class='ocrx_word' id='word_1_738' title='bbox 1541 2593 1618 2638; x_wconf 87' lang='lat' dir='ltr'>ejus</span> <span class='ocrx_word' id='word_1_739' title='bbox 1636 2613 1651 2635; x_wconf 82' lang='lat'>,</span> <span class='ocrx_word' id='word_1_740' title='bbox 1679 2602 1763 2628; x_wconf 89' lang='lat' dir='ltr'>tum</span> <span class='ocrx_word' id='word_1_741' title='bbox 1779 2590 1898 2629; x_wconf 88' lang='lat' dir='ltr'>etiam</span> <span class='ocrx_word' id='word_1_742' title='bbox 1919 2589 2144 2630; x_wconf 83' lang='lat' dir='ltr'>Praelatis&amp;</span> 
     </span>
     <span class='ocr_line' id='line_1_122' title="bbox 1124 2639 2146 2693; baseline -0.003 -7"><span class='ocrx_word' id='word_1_743' title='bbox 1124 2642 1395 2687; x_wconf 84' lang='lat' dir='ltr'>Ecclefiasticis</span> <span class='ocrx_word' id='word_1_744' title='bbox 1415 2645 1520 2693; x_wconf 89' lang='lat' dir='ltr'>regni</span> <span class='ocrx_word' id='word_1_745' title='bbox 1541 2645 1581 2681; x_wconf 90' lang='lat' dir='ltr'>in</span> <span class='ocrx_word' id='word_1_746' title='bbox 1598 2640 1684 2688; x_wconf 81' lang='lat' dir='ltr'>his,</span> <span class='ocrx_word' id='word_1_747' title='bbox 1713 2640 1852 2691; x_wconf 88' lang='lat' dir='ltr'>quibus</span> <span class='ocrx_word' id='word_1_748' title='bbox 1869 2639 1919 2680; x_wconf 90' lang='lat' dir='ltr'>ad</span> <span class='ocrx_word' id='word_1_749' title='bbox 1941 2640 2078 2681; x_wconf 88' lang='lat' dir='ltr'>Sedem</span> <span class='ocrx_word' id='word_1_750' title='bbox 2091 2640 2146 2683; x_wconf 86' lang='lat' dir='ltr'>A·</span> 
     </span>
     <span class='ocr_line' id='line_1_123' title="bbox 1122 2689 2144 2747; baseline -0.003 -11"><span class='ocrx_word' id='word_1_751' title='bbox 1122 2695 1353 2747; x_wconf 86' lang='lat' dir='ltr'>postolicam</span> <span class='ocrx_word' id='word_1_752' title='bbox 1365 2697 1504 2735; x_wconf 90' lang='lat' dir='ltr'>recurri</span> <span class='ocrx_word' id='word_1_753' title='bbox 1522 2689 1752 2734; x_wconf 88' lang='lat' dir='ltr'>consuetum</span> <span class='ocrx_word' id='word_1_754' title='bbox 1768 2704 1850 2732; x_wconf 87' lang='lat' dir='ltr'>erat</span> <span class='ocrx_word' id='word_1_755' title='bbox 1860 2697 1878 2731; x_wconf 60' lang='grc' dir='ltr'><em>ἐ</em></span> <span class='ocrx_word' id='word_1_756' title='bbox 1907 2689 2144 2741; x_wconf 89' lang='lat' dir='ltr'>Responsum</span> 
     </span>
     <span class='ocr_line' id='line_1_124' title="bbox 1123 2743 2146 2796; baseline -0.004 -7"><span class='ocrx_word' id='word_1_757' title='bbox 1123 2750 1176 2790; x_wconf 90' lang='lat' dir='ltr'>est</span> <span class='ocrx_word' id='word_1_758' title='bbox 1194 2773 1210 2796; x_wconf 83' lang='lat'>,</span> <span class='ocrx_word' id='word_1_759' title='bbox 1237 2747 1413 2788; x_wconf 89' lang='lat' dir='ltr'>standum</span> <span class='ocrx_word' id='word_1_760' title='bbox 1440 2743 1512 2787; x_wconf 85' lang='lat' dir='ltr'>esse</span> <span class='ocrx_word' id='word_1_761' title='bbox 1538 2747 1609 2795; x_wconf 88' lang='lat' dir='ltr'>juri</span> <span class='ocrx_word' id='word_1_762' title='bbox 1635 2747 1804 2795; x_wconf 88' lang='lat' dir='ltr'>antiquo</span> <span class='ocrx_word' id='word_1_763' title='bbox 1833 2747 1872 2784; x_wconf 92' lang='lat'>&amp;</span> <span class='ocrx_word' id='word_1_764' title='bbox 1898 2748 2146 2794; x_wconf 78' lang='lat' dir='ltr'>pragmaticae</span> 
     </span>
     <span class='ocr_line' id='line_1_125' title="bbox 1123 2792 2148 2849; baseline -0.008 -7"><span class='ocrx_word' id='word_1_765' title='bbox 1123 2800 1419 2842; x_wconf 68' lang='lat' dir='ltr'>sanstionitunc</span> <span class='ocrx_word' id='word_1_766' title='bbox 1435 2801 1619 2849; x_wconf 89' lang='lat' dir='ltr'>temporis</span> <span class='ocrx_word' id='word_1_767' title='bbox 1632 2799 1670 2836; x_wconf 88' lang='lat' dir='ltr'>in</span> <span class='ocrx_word' id='word_1_768' title='bbox 1694 2796 1829 2837; x_wconf 86' lang='lat' dir='ltr'>Gallia</span> <span class='ocrx_word' id='word_1_769' title='bbox 1841 2798 2005 2845; x_wconf 86' lang='lat' dir='ltr'>vigenti.</span> <span class='ocrx_word' id='word_1_770' title='bbox 2031 2792 2148 2848; x_wconf 66' lang='lat' dir='ltr'>Qin.</span> 
     </span>
     <span class='ocr_line' id='line_1_126' title="bbox 1122 2847 2146 2896; baseline -0.006 -2"><span class='ocrx_word' id='word_1_771' title='bbox 1122 2852 1180 2894; x_wconf 61' lang='lat'>10⁸:</span> <span class='ocrx_word' id='word_1_772' title='bbox 1205 2852 1271 2893; x_wconf 90' lang='lat' dir='ltr'>An</span> <span class='ocrx_word' id='word_1_773' title='bbox 1281 2852 1397 2892; x_wconf 88' lang='lat' dir='ltr'>liceat</span> <span class='ocrx_word' id='word_1_774' title='bbox 1413 2851 1536 2891; x_wconf 90' lang='lat' dir='ltr'>eidem</span> <span class='ocrx_word' id='word_1_775' title='bbox 1551 2852 1714 2896; x_wconf 87' lang='lat' dir='ltr'>Principi</span> <span class='ocrx_word' id='word_1_776' title='bbox 1731 2850 1844 2890; x_wconf 89' lang='lat' dir='ltr'>armis</span> <span class='ocrx_word' id='word_1_777' title='bbox 1853 2850 1952 2886; x_wconf 92' lang='lat' dir='ltr'>tueri</span> <span class='ocrx_word' id='word_1_778' title='bbox 1969 2847 2146 2889; x_wconf 76' lang='lat' dir='ltr'>&amp;deien-</span> 
     </span>
     <span class='ocr_line' id='line_1_127' title="bbox 1122 2897 2146 2951; baseline -0.006 -4"><span class='ocrx_word' id='word_1_779' title='bbox 1122 2906 1212 2947; x_wconf 91' lang='lat' dir='ltr'>dere</span> <span class='ocrx_word' id='word_1_780' title='bbox 1228 2904 1347 2945; x_wconf 87' lang='lat' dir='ltr'>alium</span> <span class='ocrx_word' id='word_1_781' title='bbox 1362 2905 1577 2951; x_wconf 88' lang='lat' dir='ltr'>Principem</span> <span class='ocrx_word' id='word_1_782' title='bbox 1589 2899 1682 2949; x_wconf 72' lang='lat' dir='ltr'>juste</span> <span class='ocrx_word' id='word_1_783' title='bbox 1699 2897 1911 2950; x_wconf 56' lang='lat' dir='ltr'>federatum</span> <span class='ocrx_word' id='word_1_784' title='bbox 1924 2905 1943 2938; x_wconf 64' lang='grc' dir='ltr'>,θ</span> <span class='ocrx_word' id='word_1_785' title='bbox 1972 2898 2146 2949; x_wconf 75' lang='lat' dir='ltr'>Respon-</span> 
     </span>
     <span class='ocr_line' id='line_1_128' title="bbox 1121 2951 2145 3002; baseline -0.004 -3"><span class='ocrx_word' id='word_1_786' title='bbox 1121 2956 1201 2999; x_wconf 89' lang='lat' dir='ltr'>sum</span> <span class='ocrx_word' id='word_1_787' title='bbox 1218 2958 1271 2997; x_wconf 93' lang='lat' dir='ltr'>est</span> <span class='ocrx_word' id='word_1_788' title='bbox 1288 2956 1404 2997; x_wconf 83' lang='lat' dir='ltr'>licere</span> <span class='ocrx_word' id='word_1_789' title='bbox 1424 2979 1439 3002; x_wconf 86' lang='lat'>,</span> <span class='ocrx_word' id='word_1_790' title='bbox 1469 2953 1494 2993; x_wconf 83' lang='lat' dir='ltr'>fi</span> <span class='ocrx_word' id='word_1_791' title='bbox 1514 2953 1612 2993; x_wconf 90' lang='lat' dir='ltr'>alius</span> <span class='ocrx_word' id='word_1_792' title='bbox 1635 2953 1816 3000; x_wconf 87' lang='lat' dir='ltr'>Princeps</span> <span class='ocrx_word' id='word_1_793' title='bbox 1844 2951 1979 2998; x_wconf 76' lang='lat' dir='ltr'>injuste</span> <span class='ocrx_word' id='word_1_794' title='bbox 2003 2951 2145 2995; x_wconf 78' lang='lat' dir='ltr'>lacessi-</span> 
     </span>
     <span class='ocr_line' id='line_1_129' title="bbox 1121 3001 2143 3057; baseline -0.005 -6"><span class='ocrx_word' id='word_1_795' title='bbox 1121 3023 1204 3051; x_wconf 89' lang='lat' dir='ltr'>tur.</span> <span class='ocrx_word' id='word_1_796' title='bbox 1230 3008 1334 3048; x_wconf 68' lang='lat' dir='ltr'>Sexta*</span> <span class='ocrx_word' id='word_1_797' title='bbox 1348 3025 1360 3046; x_wconf 80' lang='lat'>.-</span> <span class='ocrx_word' id='word_1_798' title='bbox 1389 3005 1546 3057; x_wconf 88' lang='lat' dir='ltr'>Siquod</span> <span class='ocrx_word' id='word_1_799' title='bbox 1566 3003 1716 3054; x_wconf 82' lang='lat' dir='ltr'>justalis</span> <span class='ocrx_word' id='word_1_800' title='bbox 1737 3001 1921 3045; x_wconf 83' lang='lat' dir='ltr'>Pontifex</span> <span class='ocrx_word' id='word_1_801' title='bbox 1941 3004 1992 3045; x_wconf 88' lang='lat' dir='ltr'>ad</span> <span class='ocrx_word' id='word_1_802' title='bbox 2013 3002 2051 3046; x_wconf 90' lang='lat' dir='ltr'>se</span> <span class='ocrx_word' id='word_1_803' title='bbox 2061 3010 2143 3054; x_wconf 86' lang='lat' dir='ltr'>per-</span> 
     </span>
     <span class='ocr_line' id='line_1_130' title="bbox 1120 3054 2143 3107; baseline -0.004 -4"><span class='ocrx_word' id='word_1_804' title='bbox 1120 3066 1244 3103; x_wconf 89' lang='lat' dir='ltr'>tinere</span> <span class='ocrx_word' id='word_1_805' title='bbox 1259 3059 1478 3100; x_wconf 87' lang='lat' dir='ltr'>contendat</span> <span class='ocrx_word' id='word_1_806' title='bbox 1489 3083 1503 3106; x_wconf 88' lang='lat'>,</span> <span class='ocrx_word' id='word_1_807' title='bbox 1513 3071 1556 3098; x_wconf 91' lang='lat' dir='ltr'>ut</span> <span class='ocrx_word' id='word_1_808' title='bbox 1565 3059 1791 3107; x_wconf 87' lang='lat' dir='ltr'>patrimonii</span> <span class='ocrx_word' id='word_1_809' title='bbox 1803 3054 1943 3097; x_wconf 70' lang='lat' dir='ltr'>santstae</span> <span class='ocrx_word' id='word_1_810' title='bbox 1953 3056 2143 3100; x_wconf 82' lang='lat' dir='ltr'>Romanae</span> 
     </span>
     <span class='ocr_line' id='line_1_131' title="bbox 1120 3109 2142 3160; baseline -0.004 -5"><span class='ocrx_word' id='word_1_811' title='bbox 1120 3111 1299 3156; x_wconf 75' lang='lat' dir='ltr'>Ecclesiae</span> <span class='ocrx_word' id='word_1_812' title='bbox 1326 3124 1498 3160; x_wconf 80' lang='lat' dir='ltr'>partem5</span> <span class='ocrx_word' id='word_1_813' title='bbox 1525 3109 1746 3156; x_wconf 70' lang='lat' dir='ltr'>&amp;contra,</span> <span class='ocrx_word' id='word_1_814' title='bbox 1776 3111 1950 3158; x_wconf 90' lang='lat' dir='ltr'>Princeps</span> <span class='ocrx_word' id='word_1_815' title='bbox 1980 3109 2071 3150; x_wconf 89' lang='lat' dir='ltr'>talis</span> <span class='ocrx_word' id='word_1_816' title='bbox 2088 3115 2142 3158; x_wconf 86' lang='lat' dir='ltr'>ju·</span> 
     </span>
     <span class='ocr_line' id='line_1_132' title="bbox 1120 3158 2142 3215; baseline -0.004 -7"><span class='ocrx_word' id='word_1_817' title='bbox 1120 3170 1172 3208; x_wconf 90' lang='lat' dir='ltr'>ris</span> <span class='ocrx_word' id='word_1_818' title='bbox 1201 3162 1399 3215; x_wconf 79' lang='lat' dir='ltr'>prossessor</span> <span class='ocrx_word' id='word_1_819' title='bbox 1427 3163 1616 3210; x_wconf 90' lang='lat' dir='ltr'>(Ducem</span> <span class='ocrx_word' id='word_1_820' title='bbox 1639 3158 1916 3202; x_wconf 86' lang='lat' dir='ltr'>Ferrariensem</span> <span class='ocrx_word' id='word_1_821' title='bbox 1934 3159 2142 3204; x_wconf 85' lang='lat' dir='ltr'>Alfonsum</span> 
     </span>
     <span class='ocr_line' id='line_1_133' title="bbox 1120 3211 2140 3269; baseline -0.001 -12"><span class='ocrx_word' id='word_1_822' title='bbox 1120 3215 1371 3269; x_wconf 79' lang='lat' dir='ltr'>designabat)</span> <span class='ocrx_word' id='word_1_823' title='bbox 1402 3215 1625 3267; x_wconf 23' lang='lat' dir='ltr'>plus-quam</span> <span class='ocrx_word' id='word_1_824' title='bbox 1653 3216 1880 3255; x_wconf 86' lang='lat' dir='ltr'>centenaria</span> <span class='ocrx_word' id='word_1_825' title='bbox 1898 3211 2140 3263; x_wconf 86' lang='lat' dir='ltr'>prescriptio-</span> 
     </span>
     <span class='ocr_line' id='line_1_134' title="bbox 1118 3263 2144 3318; baseline -0.003 -7"><span class='ocrx_word' id='word_1_826' title='bbox 1118 3285 1169 3312; x_wconf 88' lang='lat' dir='ltr'>ne</span> <span class='ocrx_word' id='word_1_827' title='bbox 1194 3267 1268 3310; x_wconf 90' lang='lat' dir='ltr'>scse</span> <span class='ocrx_word' id='word_1_828' title='bbox 1287 3265 1496 3315; x_wconf 84' lang='lat' dir='ltr'>defendat,</span> <span class='ocrx_word' id='word_1_829' title='bbox 1525 3271 1564 3307; x_wconf 87' lang='lat'>&amp;</span> <span class='ocrx_word' id='word_1_830' title='bbox 1591 3266 1741 3318; x_wconf 86' lang='lat' dir='ltr'>alioqui</span> <span class='ocrx_word' id='word_1_831' title='bbox 1768 3268 1824 3313; x_wconf 87' lang='lat' dir='ltr'>jus</span> <span class='ocrx_word' id='word_1_832' title='bbox 1852 3263 1924 3308; x_wconf 84' lang='lat' dir='ltr'>effe</span> <span class='ocrx_word' id='word_1_833' title='bbox 1948 3268 2102 3316; x_wconf 88' lang='lat' dir='ltr'>Imperii</span> <span class='ocrx_word' id='word_1_834' title='bbox 2127 3293 2144 3316; x_wconf 87' lang='lat'>,</span> 
     </span>
     <span class='ocr_line' id='line_1_135' title="bbox 1120 3318 2140 3368; baseline -0.002 -5"><span class='ocrx_word' id='word_1_835' title='bbox 1120 3337 1204 3364; x_wconf 89' lang='lat' dir='ltr'>non</span> <span class='ocrx_word' id='word_1_836' title='bbox 1226 3318 1400 3362; x_wconf 82' lang='lat' dir='ltr'>Ecclefiae</span> <span class='ocrx_word' id='word_1_837' title='bbox 1419 3345 1434 3368; x_wconf 83' lang='lat'>,</span> <span class='ocrx_word' id='word_1_838' title='bbox 1462 3321 1682 3360; x_wconf 89' lang='lat' dir='ltr'>contendat</span> <span class='ocrx_word' id='word_1_839' title='bbox 1699 3344 1715 3366; x_wconf 55' lang='grc' dir='ltr'><strong>ς</strong></span> <span class='ocrx_word' id='word_1_840' title='bbox 1743 3332 1790 3358; x_wconf 88' lang='lat' dir='ltr'>ac</span> <span class='ocrx_word' id='word_1_841' title='bbox 1818 3318 2074 3360; x_wconf 69' lang='lat' dir='ltr'>nihilominus</span> <span class='ocrx_word' id='word_1_842' title='bbox 2091 3320 2140 3361; x_wconf 88' lang='lat' dir='ltr'>de</span> 
     </span>
     <span class='ocr_line' id='line_1_136' title="bbox 1118 3369 2143 3419; baseline -0.002 -4"><span class='ocrx_word' id='word_1_843' title='bbox 1118 3390 1165 3416; x_wconf 86' lang='lat' dir='ltr'>ea</span> <span class='ocrx_word' id='word_1_844' title='bbox 1181 3370 1446 3415; x_wconf 85' lang='lat' dir='ltr'>controversia</span> <span class='ocrx_word' id='word_1_845' title='bbox 1455 3369 1594 3412; x_wconf 86' lang='lat' dir='ltr'>offerat</span> <span class='ocrx_word' id='word_1_846' title='bbox 1607 3371 1704 3412; x_wconf 85' lang='lat' dir='ltr'>stare</span> <span class='ocrx_word' id='word_1_847' title='bbox 1712 3369 1878 3419; x_wconf 80' lang='lat' dir='ltr'>judicio,</span> <span class='ocrx_word' id='word_1_848' title='bbox 1906 3370 1967 3412; x_wconf 92' lang='lat' dir='ltr'>vel</span> <span class='ocrx_word' id='word_1_849' title='bbox 1979 3372 2143 3413; x_wconf 77' lang='lat' dir='ltr'>arbitrio</span> 
     </span>
     <span class='ocr_line' id='line_1_137' title="bbox 1119 3422 2142 3472; baseline -0.002 -5"><span class='ocrx_word' id='word_1_850' title='bbox 1119 3427 1315 3467; x_wconf 90' lang='lat' dir='ltr'>bonorum</span> <span class='ocrx_word' id='word_1_851' title='bbox 1324 3427 1516 3472; x_wconf 90' lang='lat' dir='ltr'>virorum,</span> <span class='ocrx_word' id='word_1_852' title='bbox 1546 3422 1676 3465; x_wconf 72' lang='lat' dir='ltr'>utrum</span> <span class='ocrx_word' id='word_1_853' title='bbox 1692 3437 1742 3464; x_wconf 90' lang='lat' dir='ltr'>eo</span> <span class='ocrx_word' id='word_1_854' title='bbox 1764 3422 1854 3463; x_wconf 88' lang='lat' dir='ltr'>casu</span> <span class='ocrx_word' id='word_1_855' title='bbox 1869 3423 1987 3465; x_wconf 89' lang='lat' dir='ltr'>liceat</span> <span class='ocrx_word' id='word_1_856' title='bbox 2006 3427 2142 3466; x_wconf 90' lang='lat' dir='ltr'>Ponti-</span> 
     </span>
     <span class='ocr_line' id='line_1_138' title="bbox 1120 3474 2141 3528; baseline -0.002 -9"><span class='ocrx_word' id='word_1_857' title='bbox 1120 3478 1182 3520; x_wconf 89' lang='lat' dir='ltr'>fici</span> <span class='ocrx_word' id='word_1_858' title='bbox 1210 3477 1354 3528; x_wconf 81' lang='lat' dir='ltr'>abique</span> <span class='ocrx_word' id='word_1_859' title='bbox 1381 3477 1459 3517; x_wconf 90' lang='lat' dir='ltr'>alia</span> <span class='ocrx_word' id='word_1_860' title='bbox 1486 3474 1595 3527; x_wconf 61' lang='lat' dir='ltr'>cause</span> <span class='ocrx_word' id='word_1_861' title='bbox 1620 3477 1849 3526; x_wconf 82' lang='lat' dir='ltr'>cognitione</span> <span class='ocrx_word' id='word_1_862' title='bbox 1867 3501 1882 3524; x_wconf 71' lang='lat'>2</span> <span class='ocrx_word' id='word_1_863' title='bbox 1910 3475 2055 3518; x_wconf 86' lang='lat' dir='ltr'>b&#39;ellum</span> <span class='ocrx_word' id='word_1_864' title='bbox 2083 3480 2141 3517; x_wconf 86' lang='lat' dir='ltr'>in·</span> 
     </span>
     <span class='ocr_line' id='line_1_139' title="bbox 1119 3525 2136 3579; baseline -0.004 -7"><span class='ocrx_word' id='word_1_865' title='bbox 1119 3530 1215 3572; x_wconf 90' lang='lat' dir='ltr'>ferre</span> <span class='ocrx_word' id='word_1_866' title='bbox 1243 3527 1457 3579; x_wconf 76' lang='lat' dir='ltr'>hujusmodi</span> <span class='ocrx_word' id='word_1_867' title='bbox 1488 3530 1680 3576; x_wconf 87' lang='lat' dir='ltr'>Principi:</span> <span class='ocrx_word' id='word_1_868' title='bbox 1706 3531 1747 3569; x_wconf 85' lang='lat'>&amp;</span> <span class='ocrx_word' id='word_1_869' title='bbox 1773 3525 1800 3567; x_wconf 84' lang='lat' dir='ltr'>fi</span> <span class='ocrx_word' id='word_1_870' title='bbox 1822 3525 1977 3577; x_wconf 81' lang='lat' dir='ltr'>fecerit,</span> <span class='ocrx_word' id='word_1_871' title='bbox 2006 3528 2136 3570; x_wconf 75' lang='lat' dir='ltr'>utrum</span> 
     </span>
     <span class='ocr_line' id='line_1_140' title="bbox 1121 3577 2138 3674; baseline -0.004 -49"><span class='ocrx_word' id='word_1_872' title='bbox 1121 3583 1239 3626; x_wconf 80' lang='lat' dir='ltr'>liceat</span> <span class='ocrx_word' id='word_1_873' title='bbox 1252 3583 1420 3631; x_wconf 83' lang='lat' dir='ltr'>Principi</span> <span class='ocrx_word' id='word_1_874' title='bbox 1437 3583 1550 3622; x_wconf 88' lang='lat' dir='ltr'>armis</span> <span class='ocrx_word' id='word_1_875' title='bbox 1569 3579 1756 3674; x_wconf 45' lang='lat' dir='ltr'>resilitzere,</span> <span class='ocrx_word' id='word_1_876' title='bbox 1784 3582 1825 3620; x_wconf 88' lang='lat'>&amp;</span> <span class='ocrx_word' id='word_1_877' title='bbox 1841 3580 1973 3624; x_wconf 87' lang='lat' dir='ltr'>aliisei</span> <span class='ocrx_word' id='word_1_878' title='bbox 1992 3577 2138 3673; x_wconf 46' lang='lat' dir='ltr'>adesse}</span> 
     </span>
    </p>

    <p class='ocr_par' dir='ltr' id='par_1_12' title="bbox 1691 3634 2100 3682">
     <span class='ocr_line' id='line_1_141' title="bbox 1691 3634 2100 3682; baseline -0.005 -8"><span class='ocrx_word' id='word_1_879' title='bbox 1691 3649 1707 3674; x_wconf 88' lang='lat' dir='ltr'>r</span> <span class='ocrx_word' id='word_1_880' title='bbox 1762 3643 1781 3682; x_wconf 83' lang='lat'>3</span> <span class='ocrx_word' id='word_1_881' title='bbox 1930 3634 1987 3676; x_wconf 84' lang='lat' dir='ltr'>Re</span> <span class='ocrx_word' id='word_1_882' title='bbox 2004 3647 2100 3682; x_wconf 89' lang='lat' dir='ltr'>pon-</span> 
     </span>
    </p>
   </div>
  </div>
 </body>
</html>
