2430 3958
278 236 405 363 begin
430 306 598 358 Romani
624 306 672 350 de'
695 317 812 347 muro
839 301 1060 356 {perstantes
1080 302 1307 354 perterrefa-

278 370 342 413 &i
365 367 485 412 sunt,
509 370 598 403 cum
629 372 678 399 ue
704 355 950 407 lepusculum
973 371 1056 398 non
1083 352 1262 412 viderent
1286 381 1304 405 ,

279 415 547 467 existimarunt
581 425 605 452 a
667 407 851 452 hostibus.
874 407 1155 460 impreffionem
1188 407 1304 453 inuris

286 473 484 516 imminere
502 486 518 514 ,
554 466 660 514 cujus
687 459 894 504 formidine
921 475 1072 516 murum
1098 461 1306 504 incustodi.

280 525 368 567 eum
394 517 464 564 suo
490 513 655 563 abscessu
681 514 923 566 reliquerunt
942 542 953 558 2
980 515 1119 557 Hacre
1143 512 1304 565 conspe·

282 574 347 617 &a
361 596 381 621 5
405 571 594 613 Germani
623 566 757 608 locum
781 564 851 608 fibi
877 565 1013 611 datum
1038 565 1303 619 aggredienda

281 624 389 667 urbis
415 620 518 672 rati,
536 619 671 663 *subito
689 617 857 660 sarcinas
883 632 999 660 muro
1018 619 1304 667 admoverunt,

281 674 413 729 eisque
437 674 488 718 ad
515 673 648 724 justam
663 670 925 715 altitudinem·
943 673 1214 719 coacervatis,
1241 684 1306 714 ex-

283 727 436 778 templo
469 727 538 771 alii
573 737 705 766 muros
737 722 1049 766 conscenderunt
1063 747 1081 772 ,
1124 722 1194 766 alii
1220 737 1306 774 por·

283 794 369 830 tam
396 782 518 822 ariete
541 773 830 834 perfregerunt,
857 777 899 824 δε
927 775 1020 831 urbe
1046 778 1165 832 potiti
1193 772 1307 817 sunt.-

284 846 367 885 qua
400 843 597 882 occupata
642 826 833 873 Arnulfiis
866 829 1077 879 Sergianos
1115 827 1305 873 Formoso

285 882 473 929 Pontifici
501 879 677 924 infensos
695 882 890 924 interemit
908 909 920 921 .
952 882 1105 933 Sergius
1126 893 1227 924 vero
1251 878 1308 922 fu·

295 951 347 990 ga
374 935 445 978 fibi
470 931 693 977 consuluit.
719 934 864 984 sicque
888 930 1037 974 factum
1063 932 1311 983 est,³utMar.

280 992 337 1038 (is
363 987 433 1030 illa
449 990 584 1030 civitas
610 1000 678 1041 pet
698 983 969 1028 meticulosum
987 983 1225 1035 lepusculum
1245 998 1308 1028 ex.

282 1053 460 1093 pugnata
483 1037 556 1089 fit,
613 1050 669 1079 uae
696 1037 900 1093 quondam
926 1050 994 1087 per
1019 1036 1170 1080 anseres
1187 1038 1308 1088 Capi·

284 1095 377 1139 'tolii
403 1092 554 1138 servata
603 1104 710 1132 uerat
738 1106 751 1130 t
786 1090 889 1132 adeo
923 1103 1224 1144 nonnumquam
1257 1103 1307 1132 ex

283 1144 477 1189 leviffimis
513 1143 718 1187 eventibus
743 1145 919 1190 maxima
952 1156 1080 1185 rerum
1105 1144 1307 1185 momenta

282 1195 528 1248 dependent.
555 1194 742 1238 Arnulsus
759 1192 1060 1247 indedigreffus‚
1086 1193 1310 1245 conspiran-

283 1252 389 1294 tibus
415 1265 484 1301 pet
510 1249 800 1290 aemulationem
830 1247 983 1302 lmperii
1011 1246 1191 1291 adversus
1217 1261 1307 1296 eum

285 1305 539 1356 quantumvis
565 1301 718 1353 alioqui
755 1303 859 1342 inter
887 1297 961 1341 lese
987 1313 1127 1342 mutuo
1153 1297 1306 1342 infensis

288 1356 486 1401 Lamberti
514 1357 554 1396 ὃ(
582 1356 802 1404 Berengarii
821 1351 1058 1397 facstionlbus
1079 1378 1095 1402 ,
1121 1367 1171 1397 ex
1190 1350 1308 1396 Italia.

292 1421 400 1450 trans
427 1405 549 1456 Alpes
573 1405 716 1447 evasit.

341 1463 379 1501 8.
404 1462 513 1503 Inter
540 1460 640 1507 haec,
668 1457 784 1501 Italia
812 1456 963 1499 suorum
987 1456 1223 1499 factionibus
1239 1454 1310 1497 foe-

288 1511 431 1555 dissime
457 1512 702 1554 lacerabatur
725 1538 736 1550 .
772 1512 942 1551 Mortuis
970 1511 1129 1552 Vidone
1154 1507 1308 1560 ejusque

286 1563 372 1606 filio
408 1564 622 1607 Lamberto
656 1561 809 1610 Spoleti
843 1561 1054 1611 Doeibus,
1095 1564 1136 1603 in
1170 1574 1307 1603 eorum

291 1615 722 1665 adversariumsserenga
727 1616 822 1654 rium
833 1613 1018 1662 Foroiulii
1028 1614 1309 1666 Ducenrdevo-

286 1669 392 1710 lutus
417 1667 621 1710 est¹1taliae
650 1668 894 1715 Principatus
915 1690 932 1714 5
959 1669 1029 1718 qui
1056 1679 1192 1708 tamen
1221 1679 1306 1706 non

283 1718 357 1762 suit
393 1718 459 1771 ipfi
493 1720 731 1767 diuturnus,
767 1733 825 1759 res
854 1732 977 1760 novas
1015 1716 1194 1760 adversus
1217 1731 1308 1760 eum

282 1772 474 1815 moliente
511 1771 730 1814 Adelberto
768 1768 914 1813 Tusciae
939 1772 955 1818 (
982 1784 1027 1812 ut
1060 1785 1150 1813 eum
1187 1782 1308 1811 vocat

287 1825 584 1876 Luitprandus)
608 1822 867 1871 Marchione,
895 1825 964 1875 qui
981 1838 1032 1864 ex
1047 1821 1307 1872 Transalpina

286 1879 497 1920 Provincia
519 1877 763 1919 Ludovicum
789 1873 851 1924 spe
870 1875 992 1917 Italiae
1017 1875 1217 1926 potiundae
1243 1889 1308 1916 ex-

285 1934 381 1976 civit
403 1958 413 1970 .
441 1932 536 1972 Erat
565 1927 630 1970 hic
659 1928 881 1971 Ludovicus
910 1925 1071 1970 Bosonis
1101 1926 1307 1972 Arelaten-

284 1981 333 2028 sis
360 1984 472 2034 Regis
500 1983 541 2024 δε
567 1981 857 2033 Hermingardis
882 1979 984 2022 filius
1000 2006 1016 2029 5
1053 1983 1122 2032 qui
1147 1978 1233 2022 fuso
1250 1976 1310 2020 fu-

315 2048 464 2092 atoque
482 2036 718 2087 Berengario
730 2060 743 2081 5
760 2033 782 2074 a
801 2032 1004 2082 Stephano
1022 2035 1130 2082 Papa
1147 2031 1309 2082 septimo

284 2131 289 2135 ,
325 2104 423 2131 omae
449 2088 621 2130 donatus
641 2085 695 2128 est
713 2089 866 2136 Imperii
884 2100 1060 2135 corona,
1089 2085 1305 2129 Salvatoris

284 2157 399 2186 anno
418 2144 708 2189 901.Caeterum
718 2142 783 2180 vix
800 2140 951 2188 Imperii
974 2138 1182 2180 suiexaeto
1192 2140 1310 2178 trien-

286 2199 357 2236 -nio
377 2220 392 2242 ,
421 2195 596 2244 proditus
623 2192 673 2234 ab
699 2191 837 2234 eodem
858 2216 876 2238 ,
902 2194 971 2243 qui
998 2204 1160 2233 vocarat
1188 2187 1309 2249 Adel-

285 2248 428 2295 berto,
458 2251 498 2288 in
526 2260 662 2287 manus
678 2244 820 2286 cecidit
845 2246 1065 2296 Betengarii
1082 2269 1098 2291 5
1126 2256 1194 2294 qui
1218 2255 1306 2284 eum

287 2299 414 2342 oculis
427 2302 648 2348 &Imperio
663 2300 831 2347 privavit
842 2325 853 2336 .
881 2298 968 2338 Nec
984 2311 1117 2337 tamen
1139 2297 1215 2336 hoc
1226 2292 1309 2334 sub-

283 2353 375 2396 ·lato
404 2352 515 2393 rivali
539 2355 670 2402 quiete
696 2350 768 2390 frui
784 2349 895 2390 licuit
907 2352 1164 2400 Berengarim
1192 2345 1308 2387 Adel-

288 2407 419 2447 bertus
445 2403 757 2451 enimEporediae
775 2401 981 2449 Marchio,
1008 2401 1311 2452 quaenunclnu.

291 2473 356 2500 rea
391 2458 527 2498 dicitur
571 2459 609 2496 in
647 2454 819 2503 partibus
856 2454 1177 2507 Longobardiae,
1217 2466 1308 2493 cum

292 2510 378 2550 aliis
398 2509 516 2550 Italiae
542 2507 783 2556 Principibus
811 2509 1087 2557 Berengariutn
1111 2503 1274 2555 pertaesis
1292 2530 1307 2552 ,

292 2560 503 2607 Rodulfum
517 2560 742 2612 Burgundiae
761 2559 903 2611 Regem
929 2559 980 2599 ad
1005 2559 1127 2600 Italiae
1148 2571 1307 2609 regnum

290 2611 560 2664 capessendum
597 2609 792 2654 accersivit
812 2640 822 2650 .
863 2611 1017 2664 Quibus
1056 2610 1120 2653 ille
1153 2614 1308 2661 acquie-

293 2665 400 2709 scens
428 2679 574 2710 novum
603 2677 763 2715 regnum
795 2661 970 2703 felicibus
996 2661 1170 2713 auspiciis
1198 2677 1308 2702 exor-

290 2717 354 2761 sus
380 2719 434 2759 est
451 2744 467 2767 ,
495 2722 578 2758 acie
598 2714 683 2757 fusis
704 2716 926 2766 Berengarii
945 2718 1089 2763 copiis,
1117 2717 1186 2765 qui
1204 2714 1307 2755 haud

291 2771 422 2815 multo
442 2771 528 2820 post
540 2772 707 2816 Veronae
723 2781 788 2816 per
802 2765 954 2808 infidias
969 2767 1022 2808 est
1035 2770 1309 2816 interemptus.-

291 2821 414 2865 filiam
443 2822 584 2864 habuit
610 2817 841 2868 Ghiselem,
878 2833 966 2860 cum
995 2831 1075 2870 qua
1101 2822 1203 2859 inito
1232 2833 1309 2859 ma-

295 2879 483 2917 trimonio
528 2873 759 2916 Adelbertus
798 2871 1000 2921 praedictus
1044 2869 1308 2921 Eporedienfis

294 2931 562 2980 Berengarium
590 2924 795 2967 secundum
821 2926 1029 2974 progenuit
1047 2947 1062 2971 ,
1090 2925 1159 2975 qui
1188 2937 1308 2975 regno

296 2980 537 3036 postmodum
565 2978 685 3022 Italiae
711 2980 855 3027 potitus
879 2976 955 3018 est.

347 3046 383 3079 9-
411 3034 577 3076 Mortuo
602 3034 857 3081 Berengario,
886 3026 1106 3077 Rudolfus,
1133 3027 1240 3082 quast
1258 3027 1312 3070 ia.

295 3098 342 3126 to
360 3085 482 3125 Italiae
510 3083 675 3135 Regibus
690 3082 873 3133 illigato,
900 3081 1034 3123 eadem
1051 3080 1244 3124 facilitate
1260 3097 1307 3123 ac

298 3137 584 3183 inconstantia,
613 3148 690 3186 qua
708 3132 832 3175 fuerat
843 3136 1057 3182 expetitus,
1085 3149 1178 3175 mox
1190 3135 1309 3181 repul-

297 3186 356 3229 sus
372 3188 420 3229 est
439 3215 455 3237 5
489 3185 767 3230 inclinantibus
787 3186 837 3227 ad
863 3189 1073 3235 Hugonem
1097 3189 1307 3228 Provincia·

300 3241 496 3285 Comitem
523 3241 712 3283 Italorum
738 3241 877 3279 animis
906 3255 916 3276 ε
944 3242 1011 3289 qui
1039 3239 1308 3279 adventansin

301 3291 453 3332 Italiam
489 3290 699 3333 Rudolfum
727 3294 767 3331 in
804 3289 933 3341 fugam
969 3290 1160 3341 compulit
1198 3302 1308 3331 anno

303 3351 393 3386 926.
418 3341 599 3394 annisque
623 3347 760 3392 viginti
787 3341 977 3390 sceptrum
1005 3346 1151 3383 renuit.
1178 3345 1310 3384 Maro.

305 3390 355 3432 fia
382 3393 613 3439 illustrissima
639 3398 878 3436 meretricum
908 3394 1073 3435 Romam
1102 3408 1197 3436 tunc
1215 3409 1309 3437 tem-

306 3447 406 3493 poris
431 3447 633 3494 tyrannide
668 3447 889 3494 premebat,
926 3447 1073 3486 duobus
1101 3447 1310 3497 potentiffi-

303 3499 375 3537 mis
403 3494 497 3536 freta
522 3495 606 3536 filiis
625 3522 639 3542 5
665 3497 842 3549 Joanne,
868 3511 983 3550 quem
1003 3514 1051 3538 ex
1078 3500 1214 3551 Sergio
1242 3503 1309 3543 Pa-

304 3563 355 3606 pa
384 3550 501 3589 tertio
528 3551 639 3594 eni-xa
666 3548 786 3596 suerat
808 3574 825 3598 5
860 3554 927 3601 qui
955 3555 1087 3593 matris
1114 3565 1231 3601 opera
1257 3550 1309 3592 sa.

305 3602 389 3648 (tus
418 3599 615 3650 Romanus
642 3601 777 3651 deinde
802 3600 985 3649 Pontifex
1010 3600 1106 3652 fuit,
1132 3608 1211 3654 ejus
1239 3616 1310 3647 no.

679 185 998 272 Notitiae
1049 181 1582 285 Ecclesiasticae
1635 180 1872 279 seculi
1912 193 2007 275 X.

1349 305 1523 346 nominis
1548 304 1785 359 andoenum
1803 310 1885 360 a&
1913 305 2133 360 Alberim,
2163 320 2285 366 ‘quem
2307 315 2370 360 eae*

1347 358 1435 399 dem
1462 353 1680 402 Adelberto
1706 356 1855 403 Tuleiae
1881 361 2108 409 Marchioni
2135 369 2351 415 pepererat.

1348 411 1455 452 Cum
1467 407 1650 453 Marofia
1677 411 1798 462 Hugo
1825 417 1981 462 nuptias
2007 413 2100 457 fecit
2117 441 2134 464 5
2168 430 2218 458 επ
2242 427 2375 470 eaque

1350 460 1541 504 dotalem‘
1561 459 1695 503 Romae
1722 466 2016 518 vicinarumque
2049 471 2198 509 arcium
2214 467 2371 512 ‘Princi-

1351 526 1485 564 patum
1510 517 1655 564 recepit
1673 532 1689 560 ,ς
1722 512 1786 556 sed
1820 530 1915 557 mox
1949 532 2040 560 orta
2075 522 2287 571 Hugonem
2313 525 2373 564 in.

1350 579 1411 608 ter
1445 567 1487 608 &
1513 569 1734 618 privignum
1768 564 1996 611 Albericum
2024 569 2220 619 simultate
2241 599 2257 622 ,
2294 574 2375 617 Ro„

1347 631 1412 660 ma
1437 619 1580 667 eiectus
1615 621 1732 670 Hugo
1758 619 1995 662 Lotharium
2035 620 2159 665 filium
2187 630 2228 667 in
2259 630 2368 677 regni

1350 670 1578 713 societatem
1603 673 1770 713 excivit.
2084 685 2086 687 ·

1406 734 1461 763 ιο.
1492 726 1743 775 Berengarius
1770 721 1956 768 secundus
1991 724 2194 770 Adelberti
2221 731 2370 779 Eporee

1349 773 1490 818 diensis
1515 774 1616 817 filius
1632 800 1649 824 ,
1683 778 1903 828 Berengarii
1931 781 2044 828 primi
2070 794 2121 821 ex
2149 794 2275 823 matre
2302 779 2370 824 sna

1347 825 1512 871 Ghisela
1541 841 1661 877 nepos
1678 853 1694 877 ,
1720 843 1809 870 cum
1839 844 1897 870 res
1925 838 2051 875 nonas
2076 832 2260 876 adversus
2291 837 2373 881 Hu-

1349 879 1787 933 gonem&Lotharium
1815 882 2047 932 moliretur,
2075 886 2234 934 adactus
2245 890 2285 928 in
2314 886 2372 929 fu·

1347 947 1439 985 gam
1456 931 1507 973 ad
1523 932 1729 975 Othonem
1743 935 1968 976 Germaniae
1984 935 2135 988 Regem
2154 935 2189 979 se
2215 952 2276 980 rec
2285 943 2365 989 epit

1350 999 1460 1026 anno
1471 991 1561 1033 939.
1580 982 1643 1026 sed
1672 985 1821 1027 reversis
1843 1002 1883 1028 m
1901 991 1980 1037 ejus
1996 991 2369 1043 gratiam-,Italorum
2424 1033 2426 1038 f

1350 1035 1479 1078 studiis
1494 1060 1512 1085 ,
1530 1040 1587 1078 in·
1608 1037 1763 1079 Italiam
1790 1043 1976 1082 remeavit
1997 1069 2008 1080 .
2042 1040 2247 1093 Antioque
2279 1057 2370 1094 945.

1351 1093 1406 1130 ita
1421 1102 1512 1130 cum
1529 1091 1699 1140 §ingone
1716 1094 1934 1140 convenit,
1961 1107 2004 1134 ut
2027 1092 2092 1135 hic
2110 1108 2200 1139 cum
2223 1096 2372 1145 Lotha-

1349 1145 1411 1182 rio
1436 1138 1520 1183 filio
1539 1165 1555 1190 5
1583 1142 1696 1194 Regis
1724 1147 2019 1193 nuncupatione
2044 1143 2287 1196 contentus»,
2315 1162 2371 1189 re.

1350 1197 1479 1246 gimen
1495 1197 1864 1247 omne-'Berengario
1886 1200 2149 1246 permitterer.
2175 1201 2372 1242 Hincflu.

1348 1249 1461 1299 goin
1484 1246 1795 1290 Provinciamest
1812 1249 2013 1301 regressus,
2043 1250 2369 1294 relictam-Italia
2426 1266 2430 1272 ·

1346 1298 1546 1342 ‹Lotbario
1571 1297 1686 1348 filio,
1719 1304 1788 1342 cui*
1810 1303 1960 1351 pridem
1995 1302 2368 1352 nupseratv'Adelais

1351 1346 1511 1406 Rudolfi
1541 1353 1772 1407 Burgundiae
1795 1353 1910 1405 Regis
1942 1353 2026 1396 filia
2055 1384 2066 1395 .
2100 1354 2277 1398 Moritur
2299 1357 2368 1398 de·
2422 1391 2423 1394 η

1349 1417 1455 1445 mum
1473 1403 1685 1446 Lotharius
1704 1420 1720 1454 ,
1754 1419 1838 1459 quo
1859 1418 1987 1449 morte
2003 1405 2162 1449 sublato·
2186 1410 2372 1460 Berenga-
2428 1430 2430 1435 .

1351 1459 1427 1497 rius
1447 1455 1562 1508 Regis
1581 1456 1704 1499 Italiae
1723 1458 1884 1511 titulum
1900 1457 2061 1508 sumpsit
2071 1473 2184 1502 anuo
2192 1473 2279 1510 950.
2293 1473 2372 1501 una

1348 1522 1439 1550 cum
1467 1506 1686 1553 Adelberto
1713 1508 1826 1557 filio,
1852 1514 2022 1553 cuicum
2049 1508 2280 1559 Adeiaidem
2299 1515 2376 1554 Lo.

1350 1560 1469 1603 tharii
1495 1561 1653 1602 viduam
1675 1562 1768 1603 dare
1797 1576 1959 1603 uxorem
1977 1562 2095 1605 vellet
2103 1578 2123 1610 51
2145 1562 2216 1610 illa
2241 1563 2375 1606 Otho—

1350 1626 1440 1654 nem
1468 1613 1690 1656 Germaniae
1718 1615 1863 1665 Regem
1890 1618 1931 1655 in
1965 1616 2328 1658 Italiam'evoeavit
2352 1643 2372 1666 5

1347 1668 1465 1716 eique
1490 1679 1558 1706 an.
1574 1679 1664 1717 951.
1682 1667 1830 1717 nupsit.
1857 1670 2108 1719 Betengarius
2137 1668 2374 1711 viribuslon-

1348 1728 1398 1769 ge
1422 1721 1546 1767 impar
1572 1718 1694 1761 Italiae
1723 1733 1886 1769 regnum
1922 1724 2099 1770 precario
2126 1720 2178 1764 ab
2205 1721 2372 1764 Othone

1348 1769 1525 1813 obtinuit
1533 1795 1551 1820 ,
1578 1774 1828 1824 regnantque
1838 1786 1964 1814 annos
1974 1775 2127 1815 circiter
2141 1773 2348 1816 duodecim
2357 1799 2377 1822 ,

1348 1824 1480 1866 donec
1507 1822 1598 1865 Itali
1624 1827 1702 1872 eius
1737 1825 1946 1873 tyrannide
1975 1824 2136 1875 oppreffi
2161 1826 2215 1868 ad
2241 1826 2377 1868 Otho-

1351 1889 1443 1917 nem
1469 1873 1602 1917 denuo
1627 1874 1862 1929 confugere,
1893 1879 1962 1929 qui
1989 1881 2138 1919 accitus
2165 1875 2374 1920 secundam

1348 1932 1392 1969 in
1421 1927 1578 1969 Italiam
1606 1929 1772 1971 instituit
1789 1928 2232 1981 profectionemffltab
2259 1930 2383 1984 Joan·

1352 1996 1403 2022 ne
1417 1980 1653 2022 duodecimo
1671 1979 1866 2023 Pontifice
1884 1981 2058 2023 Alberici
2074 1982 2160 2025 filio
2174 1996 2376 2030 coronam

1351 2029 1505 2081 sumpfit
1532 2034 1685 2080 imperii
1711 2047 1822 2074 anno
1851 2042 1941 2080 962.
1962 2037 2314 2088 Berengariumque
2329 2040 2373 2077 in

1349 2086 1553 2128 Bavariam
1588 2084 1754 2132 abduxit
1781 2101 1793 2124 z
1825 2089 1906 2136 *qui
1930 2100 2041 2126 anno
2079 2089 2247 2129 Domini
2283 2094 2375 2130 9663

1350 2137 1453 2178 diem
1480 2133 1619 2178 clausit
1650 2150 1893 2178 extremum.
1930 2139 2106 2180 Duravit
2134 2140 2184 2181 ist
2266 2141 2379 2183 Itali-

1351 2200 1443 2232 cum
1468 2202 1627 2242 regnum
1661 2188 1905 2230 atrociffimis
1940 2189 2118 2231 civilibus
2152 2190 2268 2234 belis
2303 2190 2376 2234 soe-

1351 2243 1464 2288 dum‚
1494 2246 1536 2282 &
1559 2241 1793 2281 immanibus
1821 2241 2117 2284 crudelitatibus
2144 2247 2185 2284 &
2207 2242 2375 2293 perfidiis

1352 2293 1500 2346 insigne
1519 2318 1535 2343 5
1571 2307 1702 2334 annos
1737 2293 1789 2335 ad
1814 2292 1992 2335 Othonis
2019 2294 2141 2345 usque
2166 2297 2377 2344 Imperium
2429 2307 2430 2329 ἐ

1350 2347 1449 2389 duos
1473 2349 1517 2388 &
1542 2344 1807 2397 septuaginta.
2138 2353 2139 2356 ’

1406 2413 1467 2441 11.
1495 2400 1540 2440 In
1578 2401 1744 2440 Oriente
1780 2414 1903 2448 vei-0,
1939 2400 2072 2448 primis
2106 2398 2218 2447 huius
2246 2398 2373 2444 saeculi

1351 2455 1490 2502 annis,
1517 2456 1646 2503 gravis
1672 2450 1728 2492 est
1751 2465 1840 2503 orta
1856 2455 2104 2493 concertatio
2117 2452 2172 2493 ob
2189 2465 2379 2504 quartum

1351 2507 1501 2548 Leonis
1527 2506 1812 2554 Imperatoris,
1838 2508 1903 2546 cui
1931 2503 2172 2556 Philosopho
2200 2519 2374 2554 nomen,

1351 2559 1646 2599 matrimonium
1667 2573 1682 2603 ς
1714 2559 1785 2608 qui
1818 2570 1913 2599 ante
1950 2556 2107 2608 aliquot
2141 2561 2270 2599 annos
2296 2559 2375 2600 edi.

1350 2612 1462 2651 stum
1478 2607 1788 2660 promulgaverat
1796 2612 2001 2651 canonicis
2011 2613 2141 2660 poenis
2149 2609 2376 2661 subjiciens,

1350 2665 1579 2714 quicunque
1613 2661 1665 2702 ad
1697 2665 1832 2703 tertias
1870 2665 2027 2711 nuptias
2062 2663 2325 2714 convolarent
2350 2688 2370 2711 ·,

1350 2717 1519 2755 maxime
1552 2726 1643 2755 cum
1679 2712 2020 2758 Neocaesareenses
2045 2729 2219 2758 canones
2256 2727 2294 2764 3.
2332 2717 2376 2758 &

1351 2780 1390 2818 7.
1417 2766 1592 2818 bigamos
1629 2764 1680 2806 ad
1717 2769 1994 2815 poenitentiam
2021 2767 2210 2819 adigant,
2236 2769 2278 2808 &
2303 2770 2373 2810 Sa-

1349 2819 1530 2860 cerdotes
1559 2819 1701 2858 horum
1726 2821 1916 2860 conviviis
1954 2819 2194 2869 nuptialibus
2219 2819 2373 2862 interes-

1351 2870 1390 2912 se
1416 2870 1672 2921 prohibeant.
1697 2872 1770 2912 His
1796 2871 2059 2921 astipulantur
2073 2866 2234 2914 Basilius
2261 2871 2373 2921 epist.

1350 2924 1401 2965 ad
1428 2922 1753 2972 Amphilochium
1779 2938 1868 2964 can.
1900 2937 1970 2977 40.
1995 2921 2072 2973 ipse
2098 2936 2231 2965 tamen
2259 2925 2371 2972 Len,

1350 2990 1440 3017 cum
1465 2990 1515 3016 ex
1542 2974 1664 3016 tribus
1698 2976 1868 3025 pristinis
1892 2978 2082 3027 coniugiis
2116 2975 2259 3018 liberos
2287 2981 2376 3024 nul.

1351 3028 1413 3069 los
1440 3026 1663 3076 sustulisset,
1689 3041 1874 3078 quartum
1902 3043 1991 3070 cum
2021 3027 2106 3070 zoe
2129 3032 2365 3072 contraxit}

1351 3082 1460 3135 Qia
1487 3095 1581 3122 vero
1614 3079 1808 3123 Nicolaus
1835 3079 2063 3123 Patriarcha
2095 3093 2379 3133 cognomento
2417 3131 2419 3133 ¹

1352 3133 1541 3185 Mysticus
1574 3132 1643 3175 has
1679 3135 1836 3183 nuptias
1868 3132 2096 3174 benedicete
2130 3132 2317 3176 recusavit
2345 3156 2367 3184 5

1353 3189 1395 3227 &
1421 3189 1489 3237 qui
1516 3185 1794 3234 benedixerat,
1820 3184 2071 3228 Sacerdotem
2084 3186 2236 3228 Ordine
2256 3186 2412 3242 depo·-¹

1350 3237 1450 3286 suit,
1467 3237 1649 3288 &perdiu
1663 3251 1824 3288 rogatur
1833 3236 1883 3278 ab
1892 3238 2158 3287 Imperatore,
2177 3236 2367 3288 ipsumta.
2408 3244 2412 3278 ³2

1350 3305 1439 3331 men
1456 3290 1564 3331 aditu
1585 3289 1761 3331 Ecclefiae
1779 3287 1981 3339 prohibuit
1999 3307 2012 3330 .-
2038 3289 2162 3332 ideoa
2171 3290 2306 3334 Leone
2326 3294 2372 3332 in
2407 3284 2430 3340 li

1351 3344 1626 3384 monasterium
1639 3342 1833 3394 relegatus
1841 3340 1896 3382 est
1905 3365 1922 3390 ,
1950 3345 2059 3392 cujus
2076 3342 2172 3384 loco
2182 3338 2367 3394 suffragiis
2406 3346 2409 3400 i
2424 3344 2430 3392 ζ

1351 3395 1459 3438 Cleri
1472 3393 1662 3435 sublectus
1672 3394 1725 3435 est
1737 3392 1970 3445 Euthymius
1979 3419 1995 3443 ,
2053 3397 2092 3436 ui
2111 3392 2239 3438 fuerat
2251 3395 2364 3443 depo·
2405 3412 2407 3445 ε
2422 3410 2430 3432 :

1352 3446 1410 3487 liti
1433 3446 1595 3489 Nicolai
1621 3445 1828 3496 syncellus
1855 3470 1869 3482 ·
1894 3449 2015 3488 Hanc
2047 3444 2144 3488 ufius
2173 3444 2369 3499 prosequi·
2403 3463 2406 3504 f

1352 3512 1417 3539 tur
1428 3498 1627 3540 historiam
1643 3498 1928 3547 europalates.
1957 3501 2016 3540 Ex
2039 3501 2121 3541 zoe
2139 3514 2234 3542 vero
2246 3497 2367 3541 filium
2401 3514 2405 3562 g

1355 3552 1439 3592 Leo
1460 3549 1619 3600 suscepit
1635 3549 1945 3593 Constantinum
1963 3551 2368 3609 Porphyrogenitum,
2400 3576 2403 3595 1

1354 3615 1474 3656 quem
1496 3602 1632 3645 habuit
1650 3604 1803 3653 Imperii
1821 3601 2092 3648 suceeflotem.
2241 3652 2279 3699 Α

2172 3670 2232 3698 ³2·
2282 3670 2324 3702 ¹3-
