2430 3958
753 123 1127 214 Historica
1186 125 1513 238 Synopfis
1533 171 1551 206 .*

1948 159 2100 225 149

76 242 126 288 cre
135 243 392 297 permissurum
402 272 416 296 ,
444 261 493 289 ui:-
508 249 586 288 veri
600 244 770 286 cultores
778 241 923 287 Christi
939 239 1100 285 Basilica
1140 238 1291 284 miserat
1301 267 1316 289 ,
1327 241 1488 284 Gothos
1500 241 1707 295 composite
1715 243 1822 294 pacis
1829 238 1973 286 fiducia
1983 239 2155 288 securos,

80 297 329 348 depellantur
346 296 760 345 Christoconsecrata,
788 310 832 338 ut
845 309 981 338 eorum
990 296 1030 335 in
1041 293 1098 334 lo·

81 365 172 391 cum
190 351 494 393 introducantur
513 351 682 392 haeretici
701 349 902 391 Christum
919 345 1097 400 quotidie

83 401 394 453 blasphemantes
404 433 413 443 .
431 407 471 447 Si
487 402 580 446 vero
591 400 782 444 Arcadius
791 413 999 447 vereatur,
1011 410 1097 458 quat

81 454 251 495 barbaro
269 454 468 504 pollicitus
477 454 574 504 fuit,
594 453 827 501 tetradiam,
844 449 1096 500 seipsumcui-

81 506 240 559 ciinque
251 505 457 550 discrimini
470 512 565 558 petit
583 508 751 556 exponi,
764 518 883 557 atque
905 503 955 544 ad
970 501 1094 543 collo-

80 562 217 611 quium
231 573 320 601 cum
337 562 467 602 Gaina
476 563 630 607 venire,
658 570 700 598 ut
710 555 810 598 solus
829 555 1094 615 quodcunque

1137 296 1181 335 ὃ(
1193 295 1411 335 recedentes
1419 308 1468 334 ex
1479 293 1686 342 improviso
1703 295 1880 337 adoritur
1890 319 1906 343 ,
1914 296 1937 335 ὲ
1946 294 2087 346 quibus
2096 307 2154 336 ta·

1139 359 1228 386 men
1251 346 1450 387 Romanus
1463 343 1561 386 susus
1570 347 1623 388 est
1640 350 1829 389 exercitus
1839 374 1848 382 -
1869 345 2049 389 Alaricus
2056 349 2154 394 inju-

1139 400 1195 438 ria
1216 400 1445 444 irritatus,&
1465 399 1627 439 vid'toria
1641 400 1768 441 elatus
1777 424 1792 448 ,
1820 403 1954 448 copias
1972 399 2153 441 viarices

1140 448 1274 490 Romae
1284 451 1488 497 admovet,
1513 450 1722 503 urbemque
1740 464 1942 502 expugnat
1961 451 2046 500 post
2058 449 2154 492 Gal-

1135 501 1253 542 licam
1262 503 1412 544 cladem
1425 505 1632 553 nongentis
1643 502 1807 553 amplius
1816 518 1867 544 an
1873 506 1928 543 nis
1938 503 2127 546 intactam
2144 531 2157 543 .

1132 553 1283 596 Triduo
1295 558 1489 595 continuo
1500 557 1634 595 civitas
1644 556 1760 598 Orbis
1768 568 1883 605 caput
1894 553 2095 598 miserrime
2102 555 2154 596 di·

78 611 292 661 periculum
306 610 480 663 suscipiat
489 642 499 652 .
517 607 683 654 Admiffa
691 608 743 650 est
759 608 923 663 Joannis
943 608 1094 656 petitio:
1134 619 1243 654 repta
1251 605 1539 658 estzquicunque
1547 619 1677 648 tamen
1686 608 1735 649 ad
1745 605 1866 649 sacras
1874 605 2052 651 Basilicas
2062 621 2158 650 con,

78 676 198 716 atque
217 663 398 713 praesente
408 664 581 706 Arcadio
592 663 764 708 Gainam
778 657 919 700 affatus
928 659 1000 699 est:
1019 659 1089 699 Ec·
1129 656 1258 708 sugere
1267 661 1384 706 cives,
1395 657 1593 699 indemnes
1603 661 1642 700 δε
1653 658 1744 711 illesi
1751 658 2104 712 fuerunt-Contigit
2113 659 2158 700 il.

79 715 212 757 clefias
227 731 310 757 non
323 719 567 766 Imperatoris
575 741 591 764 ,
616 713 678 755 sed
686 709 862 761 Episcopi
869 707 1013 770 'subesse
1021 723 1089 770 po-

81 767 234 816 testati,
260 782 388 819 neque
397 768 433 810 se
451 763 709 818 permissurum
724 767 802 812 ejus
822 776 876 804 rei
893 774 1091 821 executio·

78 833 170 860 nem
180 843 195 867 ,
224 832 341 871 quam
353 821 549 867 indebite,
562 822 600 859 &
611 818 816 863 contraius
829 829 944 856 omne
953 826 1092 863 promi-

77 867 179 911 serat
191 872 426 920 Imperator.
453 876 492 915 Si
504 870 597 912 velit
618 870 767 910 Gainas
784 865 937 918 ejusque
952 866 1094 906 milites

74 920 230 963 cultum
249 924 365 966 1)Εο
387 923 555 970 deferre,
573 934 702 971 patere
719 922 853 959 omnia
862 917 1093 960 Catholico-

76 986 163 1014 rum
177 977 216 1014 in
227 976 318 1017 urbe
329 978 494 1025 templa,
505 987 546 1015 ut
561 972 760 1014 Christum
773 975 813 1012 in
829 974 883 1011 eis
895 969 1094 1011 catholico

76 1027 155 1067 ritu
165 1040 368 1068 veneretur
378 1031 602 1079 quicunque
611 1024 719 1065 volet
731 1053 741 1064 .
751 1023 937 1074 Cumque
947 1024 1097 1064 Gainas

75 1075 260 1119 insisteret
284 1080 470 1129 templum
495 1076 561 1118 sibi
580 1077 746 1118 concedi
770 1078 812 1115 in
834 1078 1026 1123 praemium
1054 1077 1094 1116 &

68 1135 430 1172 remunerationem
449 1130 651 1181 insignium
676 1126 915 1176 officiorum,
951 1126 1091 1179 quibus

77 1182 282 1230 {imperium
293 1182 513 1225 Romanum
530 1182 771 1222 demeruerat
781 1205 796 1227 ,
808 1179 956 1231 regessit
971 1183 1011 1231 in
1025 1194 1092 1229 op-

72 1231 242 1282 positum
262 1231 417 1274 sanctus
434 1232 665 1283 Episcopus,
694 1231 815 1283 ipsum
840 1235 987 1284 ingenti
997 1246 1089 1272 mer-

70 1284 167 1325 cede
182 1281 287 1327 fiiiffe
305 1299 588 1327 remuneratum
600 1287 734 1326 merita
747 1284 959 1333 excedente
971 1309 987 1331 ,
1008 1297 1091 1335 quae

74 1337 246 1387 ’'atstabat
257 1352 270 1383 3
288 1340 429 1390 quippe
439 1341 566 1389 quiex
577 1341 752 1389 gregario
761 1335 833 1377 mil
834 1340 884 1377 ite
893 1340 933 1379 in
943 1350 1031 1377 eum
1041 1337 1093 1377 di·

72 1392 230 1440 gnitatis
241 1391 280 1432 &
287 1393 474 1443 potentiae
483 1391 644 1442 gradum
656 1387 957 1438 provectiiseffet
967 1414 983 1436 ,
1009 1389 1092 1439 quo

73 1441 299 1484 nemoalius
317 1441 560 1486 ascenderat.
587 1444 661 1483 His
676 1445 836 1483 monitis
854 1442 1013 1482 tandem
1022 1438 1093 1483 ces-

73 1490 120 1533 fit
132 1494 283 1535 Gainas
295 1518 310 1542 ,
326 1497 509 1536 virtutem
529 1494 740 1535 admiratus
751 1492 947 1534 Antistitis
959 1521 969 1533 .
998 1495 1092 1534 Dux

70 1556 206 1586 tamen
222 1545 288 1587 ille
297 1545 459 1596 perfidus
469 1560 670 1598 nunquam
688 1561 745 1588 res
760 1561 883 1587 novas
894 1546 1021 1586 moliri
1031 1546 1094 1586 de-

74 1595 186 1645 stitit,
198 1611 242 1639 ur
251 1601 420 1648 Imperio
430 1625 446 1648 ,
457 1600 566 1651 quod
579 1597 646 1639 sibi
659 1596 872 1647 usurparet,
881 1598 1092 1639 Arcadium

69 1647 249 1696 dejiceret
257 1675 273 1698 ,
283 1654 390 1698 cujus
402 1654 489 1692 vitae
501 1649 726 1691 incessanter
745 1649 994 1694 insidiabatur
1003 1675 1019 1698 ,
1037 1652 1092 1695 iri-

73 1701 378 1744 troduetisintra
387 1702 517 1744 urbem
529 1704 770 1749 Imperialem
797 1702 984 1742 militibus
1012 1703 1094 1743 Go-

13 1750 16 1802 s
73 1751 153 1795 this
162 1778 179 1801 ,
188 1752 412 1805 edudfisque
423 1755 594 1795 indidem
610 1754 795 1794 Romanis
813 1755 962 1794 militiis
972 1779 986 1801 ,
998 1766 1095 1804 quas

72 1805 213 1854 procul
234 1809 275 1847 in
295 1804 460 1847 diversas
479 1805 665 1847 stationes
681 1808 720 1846 δι
739 1805 906 1856 praefidia
923 1803 1096 1854 disperse-

72 1870 136 1898 rat
150 1886 161 1897 .
189 1859 277 1907 Ejus
289 1871 419 1899 tamen
442 1858 640 1906 perversos
655 1871 822 1909 conatus
835 1860 943 1899 Deus
957 1856 1067 1899 elusit
1078 1882 1094 1905 ,

68 1909 174 1950 adeo
197 1923 240 1951 ut
262 1910 705 1956 constantinopolitani
723 1913 825 1950 cives
854 1913 1017 1965 arreptis
1037 1924 1095 1950 ar-

69 1965 141 2002 mis
167 1960 475 2013 quamplurimos
512 1959 679 2001 Gothos¹
708 1961 942 2007 trucidarint
955 1985 972 2008 ,
1015 1976 1094 2002 ma-

61 2026 265 2066 gnamque
281 2012 438 2055 illorum
450 2011 622 2061 partein,
651 2014 719 2063 qui
738 2015 782 2055 in
791 2011 867 2053 hac
878 2026 1004 2054 rerum
1013 2011 1093 2054 sua-

18 2103 22 2119 ,
57 2064 692 2115 irumdesperationeadoemplum
703 2065 913 2108 caniet-tim
924 2090 940 2112 ,
954 2079 997 2106 ut
1010 2065 1091 2106 loci

17 2132 23 2167 ξ
57 2120 260 2170 „religione
285 2119 361 2158 tuti
386 2114 533 2164 essent,
561 2130 811 2158 accurrerant
822 2142 838 2165 ,
867 2118 1017 2166 injectis
1041 2132 1090 2160 ex

18 2175 24 2210 l
61 2171 203 2212 diruto
220 2170 328 2210 tedio
354 2170 518 2210 flammis
537 2166 834 2215 combusserint-e
863 2170 1092 2221 Eodemque

72 2222 152 2265 fere
174 2235 350 2270 tempore
384 2222 464 2262 dux
492 2222 646 2262 Fravita
662 2245 678 2268 ,
713 2220 863 2264 tametsi
889 2222 1047 2263 Gothus
1073 2246 1090 2270 ,

58 2273 133 2318 sed
142 2273 232 2314 fidei
249 2271 419 2317 Arcadio,
432 2272 602 2322 praeffirae
622 2270 968 2328 observantissimus
979 2299 993 2321 ,
1003 2274 1091 2314 edu.

71 2327 148 2368 &is
163 2340 215 2366 co
243 2328 313 2373 iis,
333 2326 506 2368 Gainain
523 2327 658 2365 omnia
677 2323 780 2366 serto
797 2325 1091 2377 &„ignivastan-

71 2391 152 2420 tem
169 2380 208 2418 in
225 2388 393 2428 equutus
411 2378 546 2418 multis
554 2375 733 2416 cladibus
748 2378 903 2426 aflecit,
921 2377 1091 2419 collatis-

69 2443 150 2483 que
158 2430 313 2470 demum
322 2428 433 2479 lignis
452 2433 493 2469 in
502 2427 632 2480 sugam
642 2429 834 2477 compulit
843 2446 862 2469 :1
876 2429 1092 2482 ultimaque

69 2483 228 2524 demum
238 2484 322 2522 acie
338 2490 482 2522 'novam
501 2479 757 2529 perduellium
769 2480 930 2533 stragem
948 2483 1068 2524 edidit
1077 2501 1092 2523 .-

71 2537 177 2576 inter
195 2547 295 2586 quos
310 2534 460 2575 Gainas
470 2531 546 2581 ipse
562 2532 713 2573 strenue
728 2533 916 2574 dimicans
924 2538 1092 2576 corruit.

38 2638 47 2648 '
64 2587 178 2637 Qui.v
193 2586 358 2627 vistoria
382 2587 539 2645 Fravita
561 2584 824 2627 Consulatum
855 2582 1090 2638 insequentis

66 2652 171 2684 enni
196 2650 283 2689 301.
302 2650 462 2679 meruit.
486 2651 490 2654 ⁴
600 2652 602 2654 ·

0 2698 3 2742 ζ
122 2701 158 2741 5.
185 2691 231 2732 In
242 2691 461 2732 Occidente
472 2704 554 2730 non
567 2689 781 2731 minoribus
789 2691 1091 2739 perturbationi-

0 2747 4 2757 ⁵
47 2770 49 2772 -
71 2742 144 2786 bus
152 2741 218 2784 sub
228 2745 416 2784 Honorio
435 2746 626 2796 agitatum
644 2742 865 2783 Romanum
886 2745 1089 2793 Imperium

57 2795 161 2839 2·fui·t.
186 2795 326 2838 Stilico
353 2792 517 2835 infensus
541 2791 687 2834 Rufino
697 2821 701 2827 -
711 2793 926 2836 universam
942 2794 1090 2846 Illyrici

69 2850 319 2891 Provinciam
337 2846 396 2887 ab-
407 2846 565 2887 Arcadii
581 2846 795 2896 dominatu
805 2847 854 2888 ad
862 2850 1089 2890 Honorium

0 2941 2 2946 ,
58 2897 276 2943 ·transserre
297 2897 488 2950 satagens,
498 2897 670 2949 bellique
686 2897 817 2944 causas
829 2903 1091 2950 aucupans,ut

0 2953 4 2999 ἶ
65 2951 135 2994 sui!
145 2949 402 2993 neceffitatem
419 2949 562 2992 faceret
572 2976 587 2999 ,
615 2964 892 3002 armorumque
921 2952 1091 2993 occasio-

0 3005 4 3018 *
72 3016 134 3047 ne·
154 3002 225 3045 suae
246 3001 455 3045 velificaret
485 3003 693 3044 ambitioni
710 3028 728 3051 3
765 3002 970 3045 Alaricum
1006 3006 1089 3046 Go-

74 3056 232 3097 thorum
249 3055 391 3107 Regem
409 3054 477 3097 fibi
493 3054 612 3096 fidum
632 3057 673 3094 in
694 3057 884 3098 Graeciam
911 3058 1091 3098 amanda-

0 3152 3 3166 s
73 3111 133 3149 vit
144 3132 161 3155 ,
178 3106 288 3160 iquo
305 3106 481 3149 miserum
498 3110 539 3148 in
549 3107 708 3148 modum
721 3107 957 3156 depopulata
967 3134 982 3156 ,
997 3122 1090 3160 qua-

0 3169 7 3176 “’
71 3159 264 3202 fitorrens
281 3160 502 3208 violentus,
525 3173 712 3200 monente
731 3159 991 3212 suadenteque
1013 3162 1088 3202 Ru-

0 3245 7 3263 „
73 3210 210 3253 finoin-
227 3210 379 3253 Italiam
397 3213 556 3254 divitem
567 3211 694 3253 adhuc
704 3211 972 3262 &copiosam
984 3213 1089 3264 quafi

0 3264 8 3315 ἕ
40 3265 46 3312 l
68 3265 118 3304 iri
128 3263 257 3303 vicinu
265 3275 303 3302 m
313 3277 444 3314 agrum
453 3264 609 3306 divertit
619 3289 635 3313 ,
646 3279 689 3306 ut
698 3279 783 3306 eam
790 3266 1016 3306 inundaret.
1027 3266 1086 3307 Εὸ

0 3319 7 3334 ³·
42 3313 46 3338 l
73 3317 193 3408 {fitur
202 3313 410 3363 progressus
418 3341 434 3364 ,
443 3317 587 3366 oppida
598 3320 638 3358 δι
650 3330 765 3369 agros
777 3317 966 3358 hostiliter
976 3317 1087 3359 deva·

0 3360 8 3385 ³
26 3345 49 3424 'l
109 3366 318 3407 avittHurie
327 3379 369 3406 ut
377 3381 564 3410 averteret
573 3369 946 3416 Honorius,Gallias
955 3372 994 3410 &
1003 3369 1087 3412 His·

0 3428 8 3438 ”
45 3427 49 3476 ‘4
73 3420 232 3470 panias,
260 3429 358 3476 quas
373 3420 446 3462 iam
458 3418 524 3461 fibi
541 3425 704 3463 retinere
719 3437 766 3462 ne
797 3421 982 3468 uibat,illi
994 3437 1087 3463 con-

0 3463 8 3511 Γ
46 3482 51 3524 ξ
73 3467 178 3512 cellit
188 3467 547 3512 habitandas-Pace
559 3476 611 3514 ita
619 3481 759 3523 compo
775 3487 831 3514 ita
850 3473 988 3515 Saulus
1005 3474 1086 3516 dux

0 3514 8 3540 ὓ

18 2217 25 2284 ,ψῃ

30 3550 34 3557 ,

0 3569 9 3590 '1

1132 709 1172 750 la
1181 710 1347 758 direptio
1358 710 1461 751 urbis
1471 724 1579 750 anno
1591 709 1966 763 quadringentesimo
1983 712 2155 753 decimo·

1187 769 1223 803 6.
1251 760 1593 810 Antebiennium,
1609 777 1718 803 anno
1727 762 1870 805 scilicet
1891 765 1979 814 408.
1998 763 2154 810 Stilico-

1136 828 1226 857 nem
1248 818 1422 864 agnitum
1445 823 1519 862 jam
1542 814 1754 862 reipublicae
1775 816 2014 864 proditorem
2034 817 2154 862 Hera«-

1136 867 1284 907 clianus
1295 867 1427 915 suapte
1436 879 1552 907 manu
1561 891 1576 913 ,
1587 864 1679 914 jussu
1689 869 1857 908 Honorii
1869 894 1883 916 ,
1894 868 1996 916 apud
2006 867 2155 916 Raven-

1138 933 1229 959 nam
1241 922 1394 960 necavit
1405 947 1415 958 .
1432 920 1687 966 compertum
1697 931 1863 970 namque
1879 918 1976 968 fuit,
1999 918 2050 962 ab
2070 917 2153 970 ipso

1137 973 1192 1012 cis
1203 970 1382 1011 Rhenum
1392 973 1562 1011 excitata
1580 967 1686 1011 fuisse
1699 971 1956 1014 Barbarorum
1971 975 2126 1022 agmina
2138 995 2156 1020 ,

1138 1035 1225 1074 quae
1247 1023 1470 1064 Romanum
1495 1023 1806 1064 dilaceraverunt
1831 1025 2033 1072 Imperium
2045 1048 2061 1071 ,
2088 1027 2155 1075 qui

1138 1075 1292 1116 Gallias
1304 1101 1320 1123 ,
1332 1073 1536 1124 Hispanias
1548 1099 1562 1122 ,ς
1575 1075 1752 1123 Italiam,
1765 1073 1936 1116 Africani
1946 1100 1961 1123 ,
1970 1078 2010 1119 &
2019 1078 2156 1126 Orien-

1136 1140 1214 1168 tem
1227 1126 1469 1168 incursarunt
1479 1130 1518 1168 δε
1527 1125 1747 1168 invaserunt
1751 1128 1996 1176 ,Vandalob
2007 1139 2055 1175 ex
2073 1132 2156 1179 qui-

1134 1180 1206 1220 bus
1225 1180 1410 1220 oriundus
1418 1193 1502 1219 erat
1513 1177 1588 1227 ipse
1609 1180 1750 1221 stilico
1759 1205 1774 1229 ,
1794 1182 1939 1222 Suevos
1948 1205 1965 1228 ,
1976 1178 2131 1222 Alanos
2142 1207 2156 1224 ‚

1133 1233 1427 1283 Burgundiones
1439 1257 1455 1280 ,
1471 1229 1641 1282 aliasque
1650 1244 1783 1283 gentes
1794 1229 1929 1273 efferas
1947 1246 2153 1279 evocatas,

1132 1297 1218 1335 quae
1233 1281 1362 1334 sparsae
1378 1282 1527 1325 diverfis
1546 1283 1759 1325 Provinciis
1775 1284 2032 1326 incubuerunt
2043 1308 2060 1331 ,
2087 1298 2155 1333 per

1136 1339 1214 1376 vim
1226 1341 1449 1384 occupatis.
1468 1336 1635 1378 Certum
1653 1339 1796 1388 quippe
1809 1349 1856 1375 ac
1875 1336 2030 1377 evidens
2038 1349 2120 1376 erat
2139 1360 2155 1382 ,

1138 1403 1219 1429 non
1235 1386 1380 1429 libuiffe
1398 1388 1455 1429 illi
1475 1388 1676 1430 Alaricum
1687 1387 1904 1435 debellare,
1934 1401 2050 1438 quem
2070 1390 2154 1428 acie

1136 1444 1284 1482 vicerat
1301 1441 1351 1481 ad
1374 1442 1612 1482 Pollentiam
1630 1467 1646 1489 ,
1674 1443 1712 1482 &
1735 1439 1926 1481 Romanis
1945 1441 2067 1488 copiis
2084 1441 2157 1486 cir-

1135 1490 1307 1533 cumfuso
1319 1491 1519 1542 permisisse
1529 1493 1588 1534 illi
1606 1506 1803 1542 receptum
1813 1492 1977 1534 liberum
1989 1516 2004 1539 ,
2018 1505 2058 1533 ut
2069 1489 2152 1541 pos-

1136 1543 1298 1586 servires
1313 1545 1535 1586 debilitatas
1555 1558 1753 1593 reparare,
1784 1559 1832 1585 ne
1850 1541 1922 1584 suae
1946 1543 2154 1584 ambitioni

1136 1597 1240 1638 bella
1264 1594 1458 1644 deessent,
1478 1597 1615 1648 quibus
1626 1599 1831 1646 Imperium
1851 1595 2043 1636 Eucherio
2069 1593 2163 1636 filio.

1136 1647 1204 1689 suo
1223 1663 1373 1698 pararet
1384 1674 1399 1697 ,
1419 1652 1488 1700 qui
1498 1663 1669 1700 paganus
1684 1664 1793 1696 erar,
1811 1650 1851 1690 ὅ(
1868 1661 2022 1703 apertus
2039 1647 2155 1689 Chri-

1136 1701 1266 1743 stianae
1280 1701 1478 1752 religionis
1489 1701 1604 1742 hostis
1611 1701 1697 1746 §hic
1719 1702 1851 1742 Romae
1861 1714 1950 1740 cum
1958 1713 2080 1741 matre
2092 1703 2170 1747 Ser,

1136 1768 1230 1795 rena
1239 1767 1289 1794 ex
1300 1752 1509 1794 Theodosii
1518 1750 1593 1793 frat
1599 1768 1637 1794 te
1646 1758 1780 1805 genita
1793 1750 1939 1792 occisus
1950 1752 2004 1793 est
2017 1778 2027 1788 .
2036 1752 2158 1793 suba:

1137 1807 1203 1846 &ta
1222 1806 1370 1854 Roma,
1399 1806 1482 1847 Rex
1494 1803 1678 1846 Alaricus
1690 1808 1730 1846 ὃ(
1739 1801 1940 1847 Attaulfus
1949 1805 2052 1845 illius
2063 1813 2157 1845 uxo-

1138 1860 1189 1899 ris
1201 1856 1331 1906 frater,
1343 1873 1435 1900 cum
1453 1861 1575 1908 copiis
1588 1859 1630 1899 in
1641 1857 1814 1901 Siciliam
1829 1861 1902 1899 iter
1929 1857 2156 1908 intendunt,

1138 1908 1200 1951 sed
1213 1913 1251 1951 in
1261 1913 1400 1952 itinere
1412 1911 1514 1959 apud
1534 1910 1722 1962 Rhegium
1742 1911 1921 1951 Alaricus
1938 1911 2085 1950 morbo*
2101 1914 2156 1954 in.

1137 1965 1261 2003 teriit.
1282 1964 1405 2012 Cujus
1414 1961 1600 2005 successor
1609 1961 1815 2004 Attaulfus
1827 1961 1961 2012 praedae
1969 1963 2159 2005 aviditate

1135 2013 1303 2056 Romam
1318 2015 1548 2107 regreditur,
1567 2019 1786 2068 iterumque
1813 2015 1943 2063 diripit
1956 2032 1968 2054 .-
1987 2016 2156 2067 indeque

1135 2065 1346 2109 abductam
1386 2068 1564 2109 lacidiam
1576 2070 1861 2117 Imperatorum
1870 2065 2041 2108 sororem
2049 2068 2158 2110 duxit
2191 2093 2194 2096 ι

1135 2132 1297 2161 uxorem
1306 2145 1322 2168 ,
1349 2123 1457 2168 cuius
1465 2120 1643 2170 precibus
1654 2133 1748 2170 pace
1767 2119 1957 2162 Honorio
1973 2121 2156 2169 Imperio-

1165 2185 1211 2213 ue
1220 2169 1398 2215 concessa
1407 2197 1424 2221 ,
1443 2171 1670 2222 Hispaniam
1683 2176 1778 2217 novi
1787 2173 1855 2217 fibi
1873 2173 2041 2222 parandi
2050 2175 2159 2224 regni

1148 2223 1339 2271 peduetus
1356 2227 1435 2266 uria
1450 2240 1535 2266 cum
1556 2227 1848 2277 conjugepeliit
1860 2255 1870 2266 .
1890 2260 1891 2265 ,

1184 2288 1222 2325 7.
1248 2277 1323 2318 Sed
1333 2289 1438 2317 nunc
1448 2275 1684 2326 paulisperin
1702 2282 1904 2320 Orientem
1918 2277 2048 2320 nostra
2056 2292 2162 2319 revo-

1132 2327 1259 2368 canda
1270 2328 1324 2369 est
1334 2329 1759 2381 narratio.Joannem,
1786 2333 1848 2369 cui
1868 2329 2081 2381 eloquendi
2102 2335 2157 2378 vis

1133 2376 1401 2430 Chrysostomi
1421 2395 1568 2421 nomen
1587 2384 1757 2429 peperit,
1773 2405 1782 2422 τ,
1812 2383 1894 2429 ¹'aad
1910 2384 2007 2425 olim
2027 2379 2154 2432 fuerat

1135 2433 1262 2473 Dioni
1273 2430 1412 2483 Pruseo
1423 2433 1605 2479 inditum,
1616 2432 1785 2475 Theodo
1802 2447 1861 2477 ius·
1869 2433 2062 2486 Augustus
2076 2435 2156 2486 Au—

1134 2483 1283 2525 tiochia
1301 2486 1316 2530 (
1328 2497 1412 2535 qua·
1428 2488 1555 2532 patria
1566 2488 1652 2532 zejus
1674 2493 1787 2532 erat)
1807 2490 2026 2536 acciverat,
2046 2500 2090 2528 ut
2103 2484 2155 2529 es-

1134 2535 1189 2576 set
1212 2535 1672 2584 Constantinopolitanae
1706 2536 1884 2585 Ecclesiae
1923 2537 2158 2589 Episcopus,

1135 2601 1253 2639 quain
1281 2589 1489 2630 Neistarius
1507 2588 1617 2630 obitu
1637 2587 1704 2629 suo
1726 2604 1890 2634 vacuam
1908 2591 2120 2643 reliquerat
2147 2622 2158 2632 .

1135 2641 1196 2682 Εὸ
1213 2640 1422 2681 adveniens
1437 2644 1609 2689 Ioannes
1619 2655 1746 2682 mores
1756 2646 1882 2689 omnis
1901 2643 2048 2686 ordi'nis
2057 2639 2157 2691 viro-

1136 2707 1219 2733 rum
1229 2707 1276 2733 ac
1287 2692 1491 2733 mulierum
1501 2690 1666 2734 offendit
1675 2694 2021 2742 depravatiffimos,
2030 2694 2156 2745 super»

1133 2745 1199 2786 bia
1210 2770 1226 2793 ,
1254 2745 1419 2786 &luxus
1429 2749 1674 2798 optimatum
1686 2760 1800 2787 etant
1813 2750 1851 2787 in
1858 2746 2157 2795 tolerabiles,ra-

1134 2800 1233 2846 pinis
1244 2822 1259 2845 ,
1267 2800 1308 2838 δε
1316 2800 1425 2838 omni
1433 2796 1715 2847 oppreffionum
1723 2812 1864 2849 genere
1877 2815 1962 2847 eos,
1975 2802 2042 2850 qui
2051 2799 2154 2848 debi-

1136 2850 1253 2890 liores
1271 2862 1413 2897 etant,
1435 2850 1750 2898 exhauriebant,
1775 2853 1815 2892 δε
1833 2852 1991 2899 impune
2006 2853 2154 2903 macta-

1133 2901 1232 2943 bant
1243 2931 1254 2942 .
1270 2902 1412 2944 Clerus
1424 2900 1841 2954 urbis'corruptisfimus
1852 2903 2040 2953 omnibus
2050 2906 2153 2947 vitiis

1134 2953 1358 2999 disfluebats
1384 2954 1474 2995 dum
1489 2954 1581 2996 vero
1593 2956 1649 2999 vir
1659 2951 1814 2998 sanstus
1831 2969 1879 3001 ex
1889 2952 2020 3005 officio
2038 2958 2078 2996 in
2090 2959 2155 2997 vi·-

1132 3010 1190 3048 tia
1200 3005 1418 3054 invehitur,
1441 3004 1981 3056 moresquedepravatisfimos
1989 3011 2154 3061 corrige-

1133 3074 1174 3100 re
1194 3085 1209 3106 ,
1237 3059 1479 3110 Clerumque
1509 3059 1559 3100 ad
1575 3057 1775 3100 meliorem
1798 3058 1946 3110 frugem
1971 3060 2151 3103 reducere

1131 3110 1280 3158 studet,
1299 3110 1515 3155 multorum*
1532 3110 1623 3151 odia
1642 3114 1682 3151 in
1700 3109 1736 3152 se
1754 3114 1973 3153 concitavit
1985 3142 1994 3152 .
2022 3115 2148 3154 Prava

1131 3162 1351 3204 inoleverat
1368 3166 1409 3203 in
1425 3164 1546 3205 Clero
1566 3161 1671 3212 illius
1690 3164 1790 3209 urbis
1807 3162 2075 3216 consuetudo,
2103 3178 2149 3206 ut

1132 3212 1318 3263 despectis
1338 3216 1504 3259 Nicaenae
1520 3214 1763 3266 aliarumque
1784 3217 2060 3269 Synodorum,
2078 3219 2149 3259 cir.

1131 3282 1178 3308 ca
1187 3267 1436 3310 Clericorum
1445 3282 1535 3309 cum
1544 3266 1770 3311 mulieribus
1782 3268 2121 3312 cohabitationem
2134 3295 2151 3319 ,

1130 3318 1482 3368 prohibitionibus,
1506 3319 1735 3361 Sacerdotes
1742 3323 1801 3375 ,δι
1829 3322 2003 3364 Diaconi
2015 3346 2030 3370 ,
2057 3335 2147 3370 ρυε-

1131 3383 1240 3412 teXtu
1267 3368 1419 3419 sumpto
1446 3371 1703 3413 custodiendae
1728 3375 1920 3424 virginum
1945 3376 1985 3416 &
2013 3375 2148 3415 vidua-

1131 3438 1215 3464 rum
1239 3424 1279 3463 &
1306 3422 1681 3466 adolescentularum
1707 3424 1933 3474 parentibus
1965 3426 2146 3470 orbarum

1129 3475 1318 3517 castitatis
1330 3500 1346 3523 ,
1367 3478 1408 3517 &
1425 3475 1696 3525 temporalium
1709 3501 1725 3524 ,
1756 3474 1783 3517 fi
1800 3490 1899 3529 quas
1920 3477 2148 3526 habebant,

45 3525 51 3582 ζ
74 3520 673 3574 gentili5,cuiStilicoexei-citum
683 3540 772 3567 cum
784 3526 1086 3569 mandatiscom-
1125 3526 1362 3578 facultatum
1389 3529 1572 3584 gestionis
1590 3553 1606 3576 ,
1633 3526 1784 3577 easdem
1810 3540 1901 3588 cum
1933 3529 2018 3580 ipsis
2044 3530 2147 3585 aedes

1643 3581 1758 3634 „N
1810 3592 1835 3636 3
2038 3585 2100 3629 ³¹²2
