2430 3958
272 170 688 256 Concilium
716 169 1048 283 Regense
1073 170 1265 248 Anni
1288 170 1330 250 a
1352 170 1657 251 Christo
1679 207 1732 270 4
1744 204 1777 270 3
1788 206 1862 270 9·

105 286 276 322 Praesidem
300 286 405 330 Cypri
421 287 644 321 Theodorum
667 284 840 319 transmisit
865 295 941 318 cum
966 282 1124 317 mandato

103 328 275 372 acl-ipsum
293 352 304 368 ‚
327 337 363 362 ut
389 339 445 370 per
470 327 538 361 vim
565 326 742 360 militarem
768 325 927 373 impediat
943 348 955 365 ‚
985 324 1124 370 nedum

103 378 197 404 vacat
219 369 399 416 Salaminia
417 369 504 403 sedes
521 392 532 415 ,
563 367 649 401 alius
666 368 700 402 in
718 379 756 402 ea
775 367 964 410 suscipiatur
982 365 1116 413 Episco-

102 421 203 486 ’ἰέἓέιέ
217 422 367 486 ‘siffis
383 410 596 494 issatis?
613 407 1123 494 Qnssssssisscfiiihfflnfeffissiitf‘ss

100 493 199 529 Alias
216 492 333 536 scripsit
362 503 514 535 praeterea
541 492 650 526 literas
677 494 719 526 ad
744 490 893 526 ciericos
917 490 1119 537 Constantiae

102 534 140 568 in
166 532 284 580 Cypro
310 535 505 569 constitutos
522 558 532 574 ,
569 545 611 568 ne
627 544 827 580 quemquam
848 531 995 565 defuncti
1012 540 1120 577 recens

100 575 255 618 Episcopi
281 577 359 611 loco
383 577 507 620 eligant
524 600 534 615 ,
564 585 621 609 aut
645 577 793 622 ordinari
819 582 931 620 curent
950 596 962 612 ,
986 571 1052 619 „nisi
1080 572 1120 618 de

100 616 263 652 sententia
290 617 436 660 proxime
453 617 650 652 celebrandae
669 627 703 650 in
722 615 848 657 Epheso
868 615 994 660 Synodi
1011 637 1020 646 .
1050 611 1122 659 Mi-

102 658 179 693 lites
195 661 355 693 mandato
382 659 538 701 Dionysii
565 657 703 691 absentis
728 660 762 690 &
780 655 956 702 Thpodori
984 654 1121 700 praesen-

99 699 142 734 tis
158 699 256 734 exciti
275 703 317 734 ad
334 701 573 743 prohibendum
590 723 602 739 ,
629 710 671 732 ne
688 699 728 731 ad
746 696 943 731 elefitionem
963 705 1122 729 conveni-

96 750 186 776 retur
210 765 221 781 ,
249 753 381 784 gravem
406 741 594 776 suscitavere
619 739 800 774 tumultum
827 739 929 783 apud·
945 736 1084 782 Clerum
1104 757 1117 774 ‚

99 785 136 816 δε
155 783 283 824 plebem
300 806 312 822 ,
339 795 405 825 qua
430 791 610 817 recurrente
634 782 676 814 ad
693 790 782 814 arma
799 801 811 825 ,³
839 782 968 825 &.V‚¹“¹
987 779 1119 823 illatam

98 822 310 865 propulsante
327 847 338 863 ,
361 824 510 871 copiosus
525 822 678 863 utrinque
695 819 823 868 sanguis
839 819 1027 866 effususest.
1049 819 1118 865 Ipse

94 859 1119 947 sfflffifflsssffl¹32⁵fflzffi’szssnsfil‘iffssfffiefflssefss

93 945 208 980 &ione
223 931 492 990 Cyprioriimque
508 945 744 988 Episcoporum
763 943 941 986 spontanea
958 953 1117 990 manuum

97 985 306 1029 impositione
324 991 355 1023 le
378 989 442 1023 itur
459 996 630 1030 promotus
650 985 861 1020 &ordinatus
877 983 1116 1018 Salamrniensis

93 1027 316 1071 Metropolim
327 1055 334 1063 .
383 1041 480 1064 aneos
489 1039 630 1062 canones
642 1026 698 1060 ista
709 1026 866 1068 Ephesina
876 1027 1030 1069 synodus
1040 1036 1116 1067 pro-

97 1069 190 1104 cudit
207 1093 218 1110 ,
248 1072 290 1104 ad
309 1082 378 1105 rem
395 1073 550 1105 duntaxat
569 1093 580 1108 ,
611 1079 668 1110 pro
687 1076 754 1110 qua
770 1077 972 1102 conventum
989 1066 1114 1106 suerat,

93 1111 243 1147 Nestorii
260 1112 390 1154 ejusque
407 1110 528 1145 haerefis
545 1109 738 1147 attinentes.
754 1109 943 1156 *Decretum
962 1108 1114 1150 veroque

91 1152 234 1194 exempti
251 1152 324 1191 sunt
341 1165 360 1186 a
378 1149 535 1194 poiestate
560 1151 762 1184 Antiocheni
790 1150 936 1196 Praelulis
949 1174 960 1190 ,
983 1152 1113 1183 decreto

91 1193 188 1234 hujus
211 1193 338 1236 Synodi
362 1194 534 1227 Antistites
561 1191 682 1238 Cyprii
711 1214 722 1230 ,
751 1195 784 1226 δι
810 1203 869 1233 qui
884 1203 944 1238 ‘eis
980 1199 1113 1234 praeerat

91 1233 296 1268 constantiae
314 1234 536 1277 Metropolita
553 1256 564 1273 ,
587 1236 688 1274 usque
705 1233 747 1268 eo
766 1233 927 1279 invaluit,
950 1242 987 1266 ut
1049 1233 1114 1280 stea

91 1273 262 1317 LeoPapa
280 1274 424 1317 Magnus
434 1273 604 1318 ‚quamvis
620 1275 777 1309 studuerit
786 1276 1001 1309 Antiocheno
1037 1283 1110 1307 atri-

91 1316 196 1351 archae
212 1315 345 1358 pristina
365 1328 433 1355 iura
451 1315 574 1350 restitui
584 1339 603 1362 ,-
617 1315 736 1357 quibus
754 1317 818 1357 jam
837 1315 936 1358 usqne
953 1327 971 1349 a
982 1315 1113 1359 Nicena

92 1358 232 1401 Synodo
250 1380 262 1396 ‚
290 1367 347 1392 aut
365 1358 467 1392 etiam
493 1356 666 1392 altioribus
681 1357 882 1404 temporibus
908 1357 1113 1404 potiebatur,

92 1408 132 1433 ut
156 1409 197 1433 ex
221 1399 290 1438 eius
314 1400 440 1433 constat
466 1401 506 1433 ad
534 1398 723 1433 Maximum
748 1398 998 1434 Antiochenam
1023 1399 1113 1440 epist.

89 1439 340 1474 62.nullatenus
356 1450 467 1474 tamen
485 1440 688 1474 sanctionem
706 1442 789 1475 hanc
799 1440 992 1483 Ephesinam
1002 1441 1115 1474 value-

89 1480 132 1515 rit
140 1480 352 1528 labefaQare.
375 1481 476 1516 Unde
484 1481 601 1529 Cyprii
619 1481 848 1525 Metropolitae
858 1490 1050 1524 perpetuum
1058 1480 1112 1515 srbi

93 1521 233 1558 ascivere
242 1534 365 1562 nomen
374 1547 394 1570 ‚v
406 1535 475 1566 quo
484 1522 650 1570 di6tisunt
661 1523 846 1570 αὐτοκεζφαροι
859 1547 867 1556 .
972 1563 983 1571 ⁶

133 1573 165 1607 3.
174 1563 310 1599 Eadem
319 1567 425 1599 rursus
434 1572 604 1599 contentio
614 1565 777 1598 recruduit
788 1564 843 1597 sub
853 1566 998 1598 Zenonis
1006 1565 1114 1606 Impe-

95 1602 168 1645 rio,
191 1605 244 1640 sed
253 1606 363 1640 statim
373 1606 476 1648 sopita
494 1605 557 1640 fuit
573 1605 765 1643 inventione
782 1617 855 1652 quae
871 1615 951 1639 tunc
959 1605 1113 1652 temporis

87 1645 435 1723 532‘3531‘2‘33283'
437 1647 624 1730 Ὲηῗζιζὲῧξ
625 1659 651 1681 ²³
660 1647 798 1722 ἂὲῗῖἶῖἓ
802 1649 851 1721 ¹125,
856 1647 1114 1722 15332233533

89 1727 276 1763 Patriarcha
288 1729 387 1773 prisca
397 1712 706 1775 Ecclesiae-siiae'jura
726 1729 760 1775 in
779 1728 937 1776 Ecclesias
945 1729 1114 1776 Cyprini-

87 1771 395 1805 tereturinstaurare
405 1794 416 1810 ,
437 1782 475 1804 ex
485 1771 597 1805 divina
607 1772 808 1804 revelatione
824 1771 933 1805 effossa
942 1771 1030 1804 suere
1040 1770 1114 1804 san-

92 1810 141 1844 &i
149 1812 306 1854 Apostoli
316 1812 402 1846 sacra
412 1811 537 1854 lipsana
546 1823 622 1845 cum
631 1812 816 1859 Evangelio
826 1812 999 1852 Matthaei,
1021 1814 1112 1853 quod

87 1851 252 1887 Barnabas
262 1853 327 1895 ipse
336 1853 446 1894 suapte
458 1865 558 1887 manu
577 1854 780 1895 exscripserat
791 1876 801 1892 ,
818 1856 865 1887 'ad
876 1853 1113 1900 peetusadmo-

39 1905 42 1910 ·
90 1901 148 1927 to:
194 1905 239 1927 uo
256 1904 375 1928 eventu
393 1896 487 1928 Zeno
503 1904 693 1928 commotus
709 1894 818 1928 voluit
836 1897 988 1935 deinceps
998 1894 1113 1928 Eccle-

82 1932 164 1967 fiam
765 1935 914 1971 stolicam
923 1959 934 1974 ,
945 1939 979 1968 &
990 1936 1029 1968 ab
1038 1939 1114 1969 An-

84 1973 400 2017 tiochenipotestate
419 1987 620 2008 immunem:
643 1976 709 2009 utfi
733 1987 788 2008 em
807 1975 932 2010 faciunt
942 1976 1115 2011 Cedrenus

43 2058 45 2060 Ι
85 2014 288 2056 iaz-none,
311 2019 346 2052 &
356 2015 441 2052 Nice
445 2017 566 2060 phorus
575 2016 633 2051 lib.
646 2019 694 2052 16,
704 2027 732 2051 c.
742 2026 792 2061 37.

42 2083 43 2086 ’
85 2080 957 2139 ὥᾱκιεεεωιειξπεὴπὴᾱὴπωὴ
966 2099 1114 2138 3³35&

175 2178 621 2219 CONCILIUM
677 2177 1023 2217 REGENSE

379 2231 479 2267 Anni
514 2231 541 2266 ὰ
569 2225 708 2272 Christo
728 2237 817 2276 439.

228 1935 376 1968 nstantia:
387 1935 547 1981 in‘Cypro
557 1934 677 1968 censeri
686 1938 717 1968 A

87 2330 115 2355 ι.
205 2318 274 2355 Ria
291 2316 365 2354 sunt
393 2317 537 2360 eiusdem
562 2314 629 2350 sere
656 2315 937 2363 denominationis
958 2328 1002 2359 op
1027 2317 1080 2351 ida
1102 2342 1111 2351 .

218 2360 385 2404 Rhegium
394 2361 428 2395 in
438 2369 581 2394 extrema
591 2358 697 2392 Brutii
707 2358 776 2400 agri
795 2358 995 2405 partetsitum⁴
1019 2358 1110 2393 iculo

82 2402 169 2438 freto
178 2427 189 2443 ‚
211 2413 276 2445 qua
285 2411 374 2444 parte
383 2401 516 2437 Italiam
532 2399 630 2434 alluit
641 2422 651 2438 ,
674 2408 940 2446 conterminum,
964 2399 1053 2434 distu
1059 2412 1109 2434 m-

83 2455 149 2484 que
158 2456 178 2478 a
186 2444 309 2478 Graeco
321 2442 439 2482 ρ’·ί-γνυμι
450 2466 461 2482 ‚
482 2443 573 2484 quod
585 2441 780 2482 estfrangere
790 2463 801 2480 ,
816 2446 985 2482 'quoniam
995 2442 1111 2475 veteri-

87 2486 145 2520 bus
157 2484 313 2527 persuasio
323 2483 504 2517 inoleverat
514 2507 525 2522 ,
546 2482 694 2528 Siciliam
702 2483 875 2528 quondam
884 2492 977 2516 terrae
986 2483 1108 2529 ltalicae

87 2527 244 2561 cohaefiii'e
254 2550 264 2566 ‚
285 2524 485 2567 temporibus
495 2533 605 2558 autem
615 2524 857 2570 succedentibus
876 2524 974 2557 maris
985 2534 1108 2571 impetu

84 2568 248 2602 abscissam
256 2567 296 2601 ab
306 2566 411 2601 Italiae
419 2567 512 2600 terris
520 2576 558 2599 ac
568 2565 730 2599 divulsam
746 2565 837 2612 inisse
847 2590 854 2598 .
878 2565 1004 2613 Oppidi
1014 2567 1108 2606 hujus

85 2611 212 2649 ,accolae
230 2609 271 2643 ab
290 2608 350 2641 illa
367 2607 485 2641 Graeca
504 2618 585 2641 voce
602 2618 677 2640 cum
697 2607 893 2648 aspiratione
911 2611 943 2641 δε
964 2609 1070 2641 littera
1093 2621 1108 2636 υ

66 2666 68 2671 ’
81 2651 201 2686 Graeca
212 2649 291 2684 dieti
301 2650 390 2684 suere
402 2648 569 2691 Rhegyni.
580 2647 636 2682 Est
646 2651 679 2682 δε
688 2649 781 2694 aliud
792 2648 951 2694 opp—idum
962 2649 1108 2692 Regium

86 2692 149 2727 abs
170 2704 211 2726 ue
220 2691 417 2734 aspiratione
427 2689 679 2732 denominatum
689 2700 723 2723 in
732 2700 770 2723 ea
787 2690 892 2724 Italiae
903 2699 992 2731 parte
1002 2714 1012 2730 ‚
1032 2702 1106 2732 quae

80 2734 151 2769 Gal
169 2735 199 2768 ia
208 2732 378 2775 Cisalpina
389 2756 400 2772 ,
422 2736 456 2766 δι
468 2731 609 2768 AEmilia
619 2736 777 2778 vocatur,
797 2732 884 2765 haud
902 2734 1016 2773 procul
1029 2733 1107 2765 Par-

84 2779 183 2811 ma&
200 2774 336 2809 Mutina
355 2773 494 2813 distans,
515 2784 588 2815 quae
605 2783 694 2806 nunc
712 2783 802 2815 regio
819 2773 1053 2815 Longobardia
1065 2774 1105 2806 ab

83 2818 150 2858 ejus
160 2815 360 2850 invasoribus
370 2815 596 2859 Longobardis
603 2815 787 2860 appellatur
800 2839 807 2847 .
817 2815 904 2860 istud
915 2815 1075 2861 oppidum
1085 2827 1104 2849 a

86 2857 191 2906 Lepid
199 2870 222 2892 o
231 2856 586 2896 instauratum,di6:um
594 2857 807 2896 ejumomine
815 2855 877 2891 suit
888 2856 1030 2903 Regium
1041 2858 1106 2891 Le·-

81 2900 153 2943 pidi
162 2898 335 2934 .Tertium
346 2898 379 2931 in
389 2896 508 2932 Gallia
519 2896 725 2932 Narbonensi
735 2896 978 2944 sccundassujus
995 2910 1105 2944 quon-

84 2943 162 2976 dam
171 2940 324 2983 Episcopi
334 2939 463 2973 fuerunt
474 2938 644 2973 Maximus
661 2942 695 2973 &
704 2938 836 2972 Faustus
846 2962 857 2978 ,
877 2951 982 2981 quiex
993 2941 1104 2974 Insula

87 2982 245 3018 Lirinensi
256 2981 453 3024 prodierant.
462 2981 615 3015 Sidonius
624 2989 720 3014 vocat
730 2980 832 3021 Reios
840 2980 998 3023 oppidum
1008 2982 1104 3026 istud,

82 3027 117 3058 &
125 3023 316 3058 Antoninus
326 3022 360 3057 in
372 3022 540 3056 itinerario
552 3021 726 3069 Rejensem
735 3022 904 3056 civitatem
914 3023 1059 3056 collocat
1069 3023 1103 3070 in

79 3063 217 3098 secunda
235 3064 441 3100 Narbonensi
463 3064 642 3110 Provincia
657 3063 712 3097 sub
729 3064 874 3110 Aquensi
893 3063 1097 3111 Metropoli„

81 3106 195 3180 ‘stulu‘
202 3105 265 3140 hoc
273 3105 341 3148 ipso
351 3107 427 3140 loco
436 3105 586 3139 habitum
596 3104 659 3139 fuit
677 3106 716 3138 de
732 3117 801 3147 quo
811 3114 937 3148 agimus
946 3129 957 3144 ,
978 3105 1106 3140 Conci-

102 3149 199 3181 iuriis¹

83 3222 85 3225 v
128 3198 158 3222 ².
178 3186 211 3222 R
228 3190 235 3194 E
830 3229 836 3234 ι
911 3229 916 3234 n
941 3229 947 3235 ι
978 3229 983 3234 ι
1030 3229 1036 3235 ι

84 3239 160 3262 nem
170 3239 228 3270 pro
242 3237 289 3262 ert
299 3231 369 3268 ,·de
377 3241 521 3273 exequiis
531 3229 676 3263 defuncti
686 3229 838 3271 Episcopi
858 3241 876 3262 a
888 3241 1046 3271 viciniori,
1058 3230 1104 3269 E-

83 3268 218 3312 piscopo
225 3269 420 3306 celebrandis
430 3295 440 3311 ,
449 3308 452 3311 Λ
461 3271 607 3305 Concilii
626 3270 799 3305 Valentini
818 3270 852 3303 in
870 3270 1029 3312 Hispania
1050 3282 1104 3306 ca..

74 3321 196 3356 vriori-2.
206 3309 404 3352 Praecipuam
421 3313 575 3355 Regensis
591 3312 742 3347 Concilii
757 3312 1104 3348 convocandicausam

86 3353 177 3386 dedit
186 3351 384 3396 Armentarii
391 3353 558 3388 ordinatio
568 3354 602 3388 in
622 3354 822 3396 Episcopum
833 3353 1102 3389 Ebrodunensem

84 3391 207 3435 triplici
218 3391 343 3426 deiectu
354 3392 502 3440 laborans
511 3419 523 3435 ,
544 3405 657 3430 contra
667 3395 811 3429 formam
821 3407 840 3428 a
849 3395 992 3441 Nicaeno
1002 3408 1101 3442 quar-

36 3464 38 3473 ,
80 3444 119 3469 to
127 3444 254 3468 canone
267 3433 485 3476 Praesctiptam
495 3459 505 3475 ‚
525 3446 562 3471 ut
572 3437 693 3471 scilicet
706 3438 762 3470 fiat
774 3437 1103 3483 Episcopi-conseera-

292 3188 328 3221 sis
337 3188 391 3223 seu
400 3188 546 3235 Rejensis
565 3187 694 3229 hujusce
712 3187 859 3221 Concilii
870 3187 992 3222 sextum
1002 3194 1104 3222 cario..

0 3468 24 3506 ἓξ
37 3482 40 3508 1
81 3474 270 3510 tioatribus
280 3474 396 3508 saltem
415 3475 601 3519 Episcopis,
624 3483 658 3513 &
673 3490 751 3526 cum
769 3479 1103 3520 comprovmcialium

37 3511 41 3537 l
84 3516 322 3560 Episcoporum
329 3515 504 3556 consensu,
525 3518 782 3562 interveniatque
799 3520 960 3553 autoritas
973 3519 1102 3555 Metro-

1998 197 2119 271 ι73

1164 281 1305 328 studiose
1321 283 1494 328 conquisiti
1512 282 1624 318 furtim
1642 283 1876 319 ordinaverant
1900 305 1912 324 ,
1933 283 2014 319 citra
2030 294 2187 327 compro·

1164 326 1357 370 vincialium
1366 324 1563 371 Antistitum
1572 326 1762 361 consensum
1772 350 1783 365 ,
1804 325 1974 368 spretaque
1983 326 2151 369 Metropol
2158 327 2185 358 'r-

1164 373 1237 398 tani
1255 388 1265 404 ,
1284 367 1295 399 s
1301 378 1341 402 eu
1361 366 1511 402 Primatis
1528 369 1725 402 Arelatensis
1742 367 1920 404 autoritate
1938 392 1946 400 -
1969 367 2185 402 Ebrudunum

1165 406 1300 454 quidem
1318 407 1469 455 statuitur
1484 409 1625 455 Alpium
1652 410 1893 455 maritimarum
1911 418 2007 450 caput
2020 432 2031 448 ‚
2053 413 2086 443 δε
2107 411 2184 443 Me-

1164 455 1216 480 tto
1240 449 1304 481 olis
1314 450 1348 483 in
1366 449 1536 483 itinerario
1554 451 1719 484 Antonini
1737 450 1893 492 Augusti.
1914 451 1974 484 Sed
1995 450 2183 494 privilegia,

1165 489 1222 529 qui
1246 500 1281 535 us
1291 489 1527 537 Constantinus
1545 490 1689 537 Magnus
1703 494 1886 534 Imperator
1905 491 2082 526 Ecclesiam
2099 495 2184 530 Are-

1166 531 1324 565 larensem
1333 532 1367 565 in
1376 541 1515 575 gratiam
1526 531 1678 575 Episcopi
1688 533 1814 567 Marini
1834 533 2161 573 decorariexpetierat
2173 555 2185 572 ,

1163 571 1358 618 Arelatensis
1368 574 1589 614 metropoleos
1601 586 1688 614 jura,
1710 580 1744 609 δε
1764 574 1957 616 dignitatem
1974 575 2184 608 adfinitirnas

1163 614 1468 661 etiamProvincias
1487 625 1719 657 propagarunt-
1743 619 1891 656 ideoque
1906 625 2077 659 utramque
2094 617 2184 651 Nar-

1164 653 1339 701 bonensem
1355 679 1366 696 ‚
1389 666 1527 698 primam
1553 660 1592 689 u'e
1612 657 1833 691 Viennensem
1852 680 1862 696 ,
1884 661 1916 689 δε
1937 660 2040 698 Alpes
2057 658 2185 691 mariti-

1162 706 1232 741 mas
1251 697 1308 730 diu
1325 697 1496 739 complexa
1515 699 1559 730 et
1578 698 1717 732 Ecclesia
1734 697 1948 732 Arelatensis.
1971 699 2071 732 Unde
2080 699 2184 733 etiam

1161 736 1360 781 iactumest‚
1382 737 1512 772 ut'iiuic
1531 739 1709 780 praesederit
1729 740 1909 778 Conci-lio,
1931 739 1965 772 in
1974 751 2043 781 quo
2052 742 2092 774 de
2103 741 2184 781 Epi-

1161 777 1291 820 scopatu
1304 779 1526 814 Ebrodunensi
1545 781 1717 821 agebatur,
1740 791 1838 823 atque
1856 780 1940 814 adeo
1959 780 1993 814 in
2003 781 2128 822 oppido
2140 783 2182 814 ad

1130 828 1134 832 ·
1160 819 1335 854 secundam
1345 821 1596 855 Narbonensem
1607 822 1785 862 pertinente
1804 822 2014 856 Provinciam
2031 822 2184 856 Hilarius

1158 862 1353 895 Arelatensis
1365 862 1543 904 Episcopus
1562 861 1690 896 sedente
1711 865 1830 897 Romae
1841 864 1930 897 Sixto
1941 865 2000 897 III.
2020 863 2182 898 pontifice

1158 912 1248 936 anno
1257 913 1327 946 439.
1431 943 1436 950 .
1622 923 1625 926 -
1707 945 1713 951 .
1750 946 1756 952 ι

1200 953 1227 984 3.
1252 944 1361 978 Primo
1372 948 1405 979 δε
1417 945 1557 979 secundo
1568 956 1695 992 canone
1704 955 1792 979 irrita
1812 947 1994 980 deciaratur
2002 947 2182 980 Armenta-

1157 984 1197 1030 rji
1207 985 1376 1020 ordinatio
1385 1009 1396 1025 ,
1418 990 1451 1020 δε
1461 988 1644 1020 decernitur
1655 998 1690 1021 ut
1701 990 1730 1020 al
1738 988 1785 1022 ius
1796 987 2018 1021 Ebrodunensi
2032 987 2182 1022 Ecclesia

1157 1026 1334 1060 secundum
1349 1038 1514 1061 canonum
1524 1028 1702 1070 praescripta
1715 1028 1891 1070 Episcopus
1903 1029 2093 1070 praeficiatur
2105 1055 2113 1062 .
2135 1030 2181 1063 Et

1157 1077 1192 1100 ut
1204 1069 1270 1102 duo
1282 1069 1341 1110 qui
1350 1069 1504 1103 ordinare
1515 1069 1617 1110 ipsum
1628 1070 1888 1112 praesumpserant
1900 1094 1909 1108 ‚
1932 1071 2082 1112 deinceps
2093 1071 2184 1104 ordi-

1156 1109 1346 1144 nationibus
1356 1133 1367 1149 ,
1388 1114 1422 1144 δε
1431 1109 1594 1144 Conciliis
1607 1112 1832 1146 Ecclesiasticis
1843 1111 2021 1145 abstineant
2033 1137 2041 1144 .
2108 1130 2111 1133 Δ

1169 1160 1184 1197 ἠ
1195 1162 1226 1194 4.
1248 1151 1369 1185 'I'ertio
1379 1163 1506 1198 canone
1517 1154 1704 1193 prohibetur
1713 1153 1926 1187 Armentario
1948 1153 2030 1187 intra
2042 1153 2183 1188 Provin-

1155 1201 1240 1225 ciam
1257 1193 1399 1234 Alpium
1417 1194 1656 1228 matitimarum
1675 1196 1842 1228 consistere
1861 1207 1868 1227 z
1892 1195 2050 1236 permittit
2066 1205 2181 1231 tamen

1154 1242 1191 1266 ut
1200 1243 1287 1280 extra
1299 1234 1393 1267 illam
1404 1234 1499 1281 liccat
1519 1235 1700 1278 Episcopo,
1723 1236 1911 1278 quicunque
1929 1236 2092 1276 voluerit,
2115 1238 2179 1270 ali-

1155 1286 1256 1321 quam
1266 1275 1317 1308 illi
1336 1277 1375 1309 de
1394 1276 1458 1309 suis
1475 1275 1659 1315 Parochiis,
1682 1287 1737 1310 aut
1755 1278 1986 1316 habitandam,
2008 1278 2175 1311 autetiam

1156 1316 1211 1350 sub
1221 1316 1358 1350 nomine
1367 1321 1400 1350 &
1411 1316 1523 1351 officio
1542 1318 1777 1361 Cliorepis'copi
1796 1318 2089 1352 administrandam
2097 1330 2182 1352 con-

1155 1360 1286 1398 cedere;
1308 1358 1340 1392 in
1349 1370 1414 1400 qua
1423 1359 1444 1392 si
1454 1370 1522 1392 non
1533 1360 1736 1394 administret
1747 1383 1758 1399 ,
1782 1360 1947 1406 peregrina
1965 1360 2180 1394 communio-

1155 1411 1196 1433 ne
1205 1398 1330 1433 fruatur
1336 1412 1349 1443 3
1370 1407 1442 1442 quae
1453 1401 1574 1435 scilicet
1587 1401 1760 1443 peregrinis
1782 1413 1815 1434 in
1834 1402 1944 1434 aliena
1956 1401 2099 1434 Ecclesia
2110 1413 2182 1434 ver-

1155 1441 1334 1481 {antibusff
1345 1444 1487 1475 necdum
1504 1451 1614 1476 tamen
1636 1443 1669 1476 in
1690 1442 1927 1478 communione
1982 1442 2180 1476 Ecclesiasti-

1154 1481 1401 1522 camadmiss'is,
1423 1494 1482 1525 pro
1491 1484 1690 1530 quotidiano
1709 1479 1797 1517 viciu
1817 1484 1950 1530 indulge
1973 1493 2064 1517 atur.
2086 1485 2146 1517 Sed
2157 1485 2181 1517 si

1155 1523 1189 1557 in
1200 1523 1349 1558 Eccieflae
1361 1524 1578 1558 ministerium
1586 1526 1780 1559 admittatur
1789 1525 1829 1558 ab
1841 1525 2019 1566 Episcopo,
2029 1537 2070 1560 eo
2080 1537 2180 1559 even-

1153 1574 1189 1599 tu
1202 1565 1235 1599 in
1245 1576 1409 1599 canonem
1428 1564 1479 1599 seu
1500 1567 1709 1601 matriculam
1729 1567 1820 1600 illius
1839 1567 1979 1611 Ecclesie
1996 1568 2181 1601 conscriba-

1154 1617 1206 1640 tur
1217 1630 1228 1646 ,
1237 1610 1271 1641 δε
1279 1607 1515 1648 stipendiorum
1524 1609 1592 1648 ejus
1601 1607 1757 1651 particeps
1766 1609 1822 1641 fiat
1832 1633 1840 1641 .
1902 1620 1944 1643 ua
1955 1609 1988 1641 in
1999 1619 2032 1642 re
2042 1608 2179 1644 confor-

1155 1648 1426 1691 marescNicpno
1445 1650 1563 1682 canoni
1583 1650 1770 1691 profitetur,
1791 1661 1860 1691 quo
1879 1651 2122 1689 Catharorum,
2145 1650 2181 1683 id

1154 1690 1199 1723 est
1208 1690 1481 1724 Novatianorurn
1490 1690 1658 1732 Epist-opis
1679 1693 1719 1724 ad
1731 1691 1907 1737 Ecclesiam
1925 1691 2180 1733 regredientibus

1154 1732 1268 1771 locus,
1291 1734 1324 1765 &
1337 1730 1576 1765 administratio
1586 1732 1821 1775 Chorepiscopi
1838 1732 2064 1774 permittitur..
2115 1760 2121 1764 .

1196 1780 1225 1814 5.
1247 1772 1302 1806 De
1314 1772 1345 1806 C
1352 1772 1459 1805 leticis
1467 1774 1546 1806 vero
1554 1785 1639 1816 quos
1648 1774 1861 1807 ordinaverat
1869 1775 2099 1808 Armentarius
2108 1798 2118 1813 ,
2141 1774 2184 1808 sic

1155 1813 1298 1848 decernit
1306 1822 1442 1856 quartus
1458 1825 1587 1854 canon,
1609 1824 1645 1848 ut
1662 1815 1683 1848 si
1701 1814 1837 1856 quidam
1855 1826 1895 1848 ex
1911 1814 1967 1855 ipsi
1981 1816 2187 1857 sdeprehen-

1155 1856 1554 1890 danturexcommunicati
1563 1878 1575 1896 ‚
1584 1856 1726 1890 omnino
1736 1857 1943 1903 deponantur
1952 1880 1960 1888 .
1977 1855 2033 1890 De
2044 1857 2102 1890 reli
2130 1857 2180 1891 uis

1154 1898 1232 1931 vero
1243 1897 1275 1930 in
1285 1896 1420 1930 arbitrio
1430 1896 1466 1931 sit
1477 1897 1716 1931 Ebrodunensis
1727 1896 1879 1939 Episcopi
1890 1921 1900 1937 ‚
1923 1898 1975 1930 vel
1984 1909 2040 1932 eos
2059 1898 2092 1932 in
2129 1898 2179 1932 'c-

1154 1938 1246 1972 clesia
1258 1938 1311 1972 sua
1321 1939 1479 1978 retinere,
1501 1939 1552 1973 vel
1571 1940 1612 1974 ad
1632 1940 1746 1975 locum
1762 1938 1932 1973 transferre
1943 1963 1954 1980 ‚
1976 1951 2076 1982 quem
2087 1939 2178 1975 inco-

1154 1981 1200 2013 let
1210 1980 1439 2014 Armentarius
1450 2005 1458 2013 .

1154 2062 1162 2069 ·
1193 2024 1224 2054 6.
1246 2022 1353 2067 Qiod
1362 2024 1439 2057 vero
1451 2021 1598 2070 'indulget
1614 2024 1828 2059 Armentario
1844 2024 1980 2067 quintus
1988 2036 2095 2060 canon
2106 2050 2117 2066 ,
2140 2037 2173 2061 ut

1153 2074 1187 2096 m
1197 2074 1235 2096 ea
1244 2075 1346 2110 quam
1356 2063 1472 2110 nactus
1481 2064 1580 2099 suerit
1590 2065 1849 2107 Ecclesiasticeat
1856 2067 1886 2101 ei
1896 2068 2084 2111 neophytos
2092 2079 2174 2102 con-

1155 2105 1295 2152 firmare,
1305 2107 1509 2152 virginesque
1516 2107 1719 2148 consecrare,
1725 2106 1802 2142 cum
1813 2110 1871 2152 hec
1879 2109 1977 2144 ambo
1990 2110 2104 2143 munia
2114 2110 2173 2144 sint

1153 2146 1364 2194 Pontificalia
1374 2170 1385 2186 ‚
1395 2149 1472 2180 inde
1481 2149 1548 2195 coll
1554 2148 1562 2180 i
1587 2149 1596 2181 i
1606 2161 1644 2183 ac
1654 2149 1765 2184 inferri
1774 2152 1889 2193 potest,
1899 2150 2179 2186 consecrationem
2189 2171 2191 2174 .

1152 2188 1383 2235 Armentarna
1394 2189 1520 2235 duobus
1530 2189 1561 2222 sa
1597 2202 1651 2224 am
1670 2190 1839 2234 Episcopis
1855 2191 1946 2226 fuisse
1962 2192 2098 2234 quidem
2108 2192 2179 2227 illi-

1152 2238 1253 2276 citam
1271 2252 1282 2269 ,
1304 2230 1358 2263 sed
1376 2231 1522 2276 validam
1539 2240 1650 2266 tamen
1670 2244 1708 2267 ac
1726 2233 1940 2267 sufficientem
1957 2259 1965 2266 .
1996 2233 2096 2278 Ceter
2143 2235 2180 2268 ui

1152 2281 1242 2304 enim
1250 2281 1320 2304 non
1331 2272 1482 2313 potuisset
1493 2272 1689 2307 Concilium
1707 2274 1791 2308 hanc
1810 2275 1862 2307 illi
1880 2274 2029 2308 conferre
2040 2285 2115 2317 pote
2144 2288 2181 2309 a-

1151 2320 1251 2357 tem,⁸
1263 2312 1446 2346 charasstete
1463 2314 1587 2347 carenti
1603 2315 1794 2361 Episcopali
1813 2340 1821 2347 .
1846 2316 1932 2348 Vide
1949 2328 2013 2359 que
2033 2317 2178 2358 superius

1152 2354 1193 2386 ad
1203 2352 1375 2396 Nicetium
1383 2363 1538 2395 quartum
1546 2366 1709 2390 canonem
1718 2357 1814 2390 iussus
1825 2356 2005 2399 disputavi.

1155 2433 2179 2501 Whffhsshwkffthfffflsffwhwffwzrwz‘

1151 2513 1576 2562 CONCILJUM
1636 2515 2177 2558 ARAUSICANUM

1293 2565 1446 2612 primum
1460 2569 1547 2602 anni
1562 2564 1774 2611 Christianae
1793 2568 1928 2630 epoclffae
1936 2580 1984 2615 44
1993 2579 2023 2606 1.

1153 2663 1180 2686 1.
1279 2652 1402 2687 Rausio
1412 2653 1526 2701 civitas
1537 2654 1583 2689 est
1598 2653 1784 2702 Caurum,
1807 2657 1970 2698 pertinens
1989 2659 2028 2690 ad
2039 2656 2176 2691 inferio-

1291 2706 1360 2728 rem
1371 2694 1578 2730 Provmciam
1587 2697 1811 2731 Viennensem
1829 2698 1861 2731 su
1868 2699 1886 2731 b
1896 2699 2080 2739 Metropoli
2090 2700 2177 2732 Are..

1148 2737 1279 2783 latensi:
1293 2736 1427 2783 ⁴duabus
1437 2737 1496 2781 hec
1504 2738 1646 2780 synodis
1654 2748 1725 2772 tota
1738 2739 1879 2773 Ecclesia
1889 2740 2068 2774 celebribus
2078 2740 2176 2774 nobi-

1148 2779 1243 2813 litata
1253 2779 1316 2813 fuit
1325 2802 1337 2817 ,
1346 2789 1487 2819 quarum
1497 2779 1563 2813 haec
1574 2780 1661 2822 prior
1670 2781 1826 2814 convenit
1837 2793 1925 2815 anno
1935 2791 2005 2822 441.
2016 2780 2071 2813 sub
2082 2783 2174 2815 Leo-

1146 2831 1188 2855 ne
1199 2821 1357 2855 Romano
1368 2821 1436 2866 ejus
1445 2821 1591 2854 nominis
1602 2821 1709 2863 primo
1719 2822 1880 2856 Pontifice
1889 2846 1900 2861 ‚
1924 2823 2117 2856 Theodosio
2129 2825 2173 2864 ju.

1146 2862 1241 2896 niore
1258 2862 1293 2895 in
1314 2861 1452 2899 Oriente
1470 2886 1481 2902 ‚
1503 2866 1535 2896 &
1547 2863 1799 2897 iValentiniano
1817 2863 1915 2897 tertio
1934 2864 1969 2896 in
1990 2863 2175 2898 Occidente

1146 2902 1399 2951 Imperatoribus
1409 2927 1418 2935 .
1442 2903 1592 2937 Praesedit
1602 2904 1754 2937 Hilarius
1771 2905 1970 2939 Arelatensis
1989 2905 2085 2946 eique
2095 2907 2174 2940 asse-

1147 2946 1194 2979 dit
1205 2946 1384 2979 Eucherius
1393 2968 1404 2983 ,
1415 2957 1513 2991 quem
1522 2945 1683 2991 Baronius
1692 2957 1762 2979 non
1773 2946 1899 2992 dubitat
1910 2946 1999 2980 (uisse
2009 2948 2173 2982 celebrem

1146 2987 1245 3021 illum
1255 2988 1322 3026 ejus
1331 2986 1476 3020 nominis
1486 2987 1683 3028 Episcopum
1693 2988 1947 3029 Lugdunensem
1959 3001 1968 3028 5
1979 2993 2063 3022 cei‘te
2073 2990 2173 3023 ambo

1145 3028 1258 3062 iisdem
1284 3028 1391 3074 vixere
1417 3039 1455 3061 ac
1483 3028 1626 3062 floruere
1658 3029 1872 3070 temporibus,
1913 3030 2175 3072 prodieruntque

1145 3072 1242 3104 ambo
1253 3082 1291 3104 ex
1301 3068 1649 3104 Lirinensibuslnsulis
1658 3076 1671 3108 ³,
1680 3069 1809 3105 Primus
1834 3071 1984 3106 Concilii
2001 3083 2109 3106 canon
2123 3073 2179 3107 ific-

1144 3112 1254 3146 statuit
1263 3136 1275 3147 .

1193 3156 1250 3194 Ca
1257 3169 1292 3192 n.
1320 3155 1351 3193 L
1379 3154 1574 3191 Haercticos
1589 3157 1624 3192 in
1641 3157 1761 3192 mortis
1780 3154 1981 3204 discrimine
1994 3155 2121 3205 positos
2132 3158 2166 3203 fi
2183 3171 2196 3183 2·

1144 3204 1324 3242 Catholici
1347 3204 1414 3250 effe
1443 3203 1646 3249 desiderant
1672 3233 1682 3250 ‚
1704 3203 1735 3250 fi
1758 3204 1845 3250 desit
1871 3205 2071 3255 Episcopus
2093 3231 2108 3254 ‚
2143 3210 2169 3245 ὰ

1145 3255 1372 3302 Presbyteris
1394 3267 1470 3292 cum
1481 3253 1671 3302 chrismate
1693 3255 1978 3298 &benediflione
1993 3255 2169 3304 consigna-

1144 3307 1176 3341 ri
1192 3304 1331 3354 placuit
1349 3331 1357 3339 .

1197 3368 1218 3391 2
1242 3355 1339 3392 Can.
1354 3353 1405 3391 II.
1431 3355 1569 3392 Nullus
1581 3352 1833 3402 ministrorum,
1860 3358 1922 3404 qus·
1943 3355 2167 3405 baptizandi

1143 3406 1268 3454 recipit
1293 3401 1437 3448 officium
1462 3431 1473 3450 ,
1493 3404 1566 3450 fine
1585 3403 1774 3452 chrismate
1795 3404 1943 3454 usquam
1966 3406 2072 3445 debet
2084 3421 2166 3457 pro-

1137 3455 1244 3505 gredi
1263 3481 1275 3500 ,
1310 3455 1395 3502 quia
1417 3457 1509 3491 inter
1528 3467 1587 3491 nos
1604 3453 1741 3502 placuit
1754 3453 1867 3502 ftmcl
1888 3457 1925 3492 in
1950 3455 2163 3506 baptismate

1143 3503 1327 3553 c'hrismari
1339 3530 1347 3539 .
1375 3503 1435 3541 Dc
1447 3517 1486 3540 eo
1502 3514 1619 3540 autem
1631 3506 1691 3553 qui
1703 3509 1739 3542 in
1752 3503 1967 3552 baptismate
1979 3532 1992 3552 ,
2007 3521 2165 3555 quacun-

1141 3569 1207 3606 que
1238 3552 1428 3599 neceffltate
1453 3552 1613 3600 faciente
1634 3580 1647 3601 ‚
1683 3568 1746 3592 non
1777 3553 1990 3596 chrismatus
2017 3556 2162 3604 fuerit,
2186 3587 2196 3594 ,.

0 3531 41 3632 ll¹
83 3558 223 3600 politani
242 3584 250 3592 .
279 3558 327 3593 At
343 3559 421 3592 vero
438 3560 685 3596 Armentarium
711 3564 777 3596 duo
795 3571 927 3596 tanturn
946 3561 1100 3605 Episcopi
1842 3603 1867 3637 P
1909 3612 1927 3645 3

597 3612 604 3615 ‘⁴
2089 3616 2125 3637 ΙΙ

39 3699 44 3769 ‘i

42 3845 45 3897 ἒ
