2430 3958
391 199 820 299 Concilium
850 205 1322 292 *Ariminense
1366 228 1486 284 an..
1506 244 1539 302 3
1565 208 1694 302 5'9.

37 333 225 377 siliusipse
236 356 247 376 ,
267 332 455 374 Eustathius
472 331 657 367 sebastenus
675 353 686 370 ,
707 327 854 363 Eleusius
871 320 1055 368 Cyzicenus

55 381 90 411 &
108 375 268 411 Leontius
286 373 475 418 Presbyter,
498 382 640 417 petentes
658 371 698 405 ab
715 373 913 413 Imperatore
929 364 1056 400 uitimae

53 417 231 453 Sirmienfls
241 416 391 453 sormulae
407 415 626 451 abolitionem
637 439 645 447 .
732 412 802 447 ibus
819 419 900 444 tunc
911 408 969 442 ille
977 417 1058 441 ωη-

0 477 4 482 ·
23 457 34 490 ’.
53 459 164 495 sensit.
184 459 412 496 Veruntamen
421 455 494 491 vere
503 413 1060 491 inconstangzgonstantiiisdeterio-

53 500 125 536 rem
131 499 313 535 formulam
320 499 526 545 'Christoque
544 495 866 538 contumeliosiorem
875 515 885 531 ‚
906 489 1060 528 suadente

53 541 201 582 Acacio,
223 536 396 588 praevalere
406 552 482 574 moi(
492 539 608 580 iubebit
621 562 633 579 ,
653 536 801 585 &ipsum
818 532 976 568 Basilium
985 532 1059 566 An-

51 593 214 631 *cyanum
221 584 418 629 caeterosque
426 582 644 619 semiarianos
654 574 861 619 ieobuasnis
870 573 1016 623 dejiciet.

55 645 1062 707 ffimffimoenamanaemffimahffiaffinff

117 714 463 760 CONCILIUM
485 711 880 756 ARIMINENSE'
902 716 1002 750 Anni

519 778 602 816 359·
697 787 708 796 ν

47 866 86 891 ’1.
215 856 321 892 Iratur
361 856 554 893 Athanasius
591 851 778 899 Constantii
808 861 1065 900 exterorumque

3 916 12 930 s
46 918 53 927 *—
79 938 87 946 ·
225 896 623 938 Arianommvesaniam,
639 903 709 932 tam
719 894 1059 944 multasSynodosin-

53 940 236 975 dicentium
245 964 256 980 ‚
276 950 374 983 atque
384 940 569 974 incessanter
578 947 633 978 per
640 946 757 970 omnes
766 938 881 970 mundi
890 938 1000 980 plagas
1009 938 1060 970 di..

52 978 266 1017 scursantium
275 983 338 1016 hoc
349 983 421 1016 solo
431 982 506 1019 fine,
515 989 551 1013 ut
562 977 745 1025 inquiratur
753 980 787 1011 δε
796 977 1069 1020 statuatur,quid--=

54 1034 136 1058 nam
144 1024 180 1058 sit
198 1025 237 1058 de
247 1024 379 1057 Christo
391 1023 430 1056 ab
449 1021 519 1068 ipsis
536 1019 731 1066 Christianis
748 1021 931 1053 tenendum
949 1024 1062 1054 &cre-

54 1066 201 1099 dendum
210 1090 217 1098 .
231 1065 335 1111 Quasi
345 1064 423 1098 vero
434 1065 448 1103 (
459 1073 537 1108 inqu
541 1071 566 1108 it
579 1060 635 1108 lib.
646 1062 685 1094 de
695 1060 836 1107 Synodis
846 1060 979 1108 >meque
989 1061 1058 1108 ipsi,

49 1117 160 1147 neque
178 1107 286 1140 Patres
295 1116 413 1140 eorum
429 1104 548 1137 Christi
568 1105 631 1135 side
649 1109 836 1144 notitiaque
854 1102 971 1136 imbuti
989 1103 1060 1136 sue-

52 1147 168 1187 rint,&
180 1146 425 1181 innumerabilis
435 1143 701 1190 Sanfitorum,qui
711 1143 1061 1187 praeceffere,mu1titu-

54 1191 101 1223 do
110 1188 299 1231 Martyrum
306 1211 318 1227 ,
329 1186 569 1224 confessorum,
580 1185 770 1232 Virgmum,
782 1188 815 1219 δε
827 1184 976 1220 Ecclesiae
985 1185 1062 1220 Do-

50 1230 185 1264 &orum
203 1252 216 1268 ,
245 1229 303 1271 qui
320 1238 389 1262 tam
408 1228 574 1261 multa'de
591 1226 723 1259 Christo
741 1225 808 1259 Dei
828 1226 914 1261 Filio
931 1227 1061 1270 fideque

0 1280 4 1286 ’
54 1271 240 1305 Christiana
257 1268 534 1311 conscripserunt,
555 1267 723 1301 Christum
742 1268 915 1301 nescierint
933 1292 941 1301 .
963 1269 1061 1303 Adeo

43 2882 54 2914 ἐ

51 2944 55 2952 ι

51 1321 90 1347 ut
100 1320 323 1360 pefflec‘entos
334 1312 430 1356 &am
455 1309 518 1343 lius
534 1321 553 1342 a
571 1309 703 1356 Christo
721 1320 826 1344 annos
837 1333 847 1348 ,
869 1309 1057 1344 Christico-

52 1354 159 1396 gnitio
167 1354 306 1387 necdum
317 1352 412 1386 illuxi
437 1363 454 1384 e
463 1359 598 1392 coeperit
608 1375 616 1383 .
626 1351 741 1384 Nemo
750 1350 841 1385 enim
851 1351 967 1385 habere
976 1364 1058 1395 quq„

54 1395 96 1430 rit
105 1394 163 1429 nisi
172 1396 235 1428 hoc
243 1405 348 1428 unum
359 1417 368 1432 ‚

50 1436 169 1471 crebris
177 1434 384 1478 repetitisque
631 1475 638 1480 “
788 1475 793 1480 .

54 1477 222 1512 rist'aetum
232 1491 242 1518 5
263 1481 358 1512 &tot
375 1486 508 1518 tamque
527 1476 665 1522 diversas
682 1476 759 1509 fidei
776 1475 938 1509 formulas
954 1475 987 1509 in
998 1476 1060 1509 suis

50 1518 150 1559 -illisS
175 1518 271 1554 nodis
281 1517 489 1561 procuder'int
500 1516 562 1551 sese
573 1516 716 1563 inVicem
725 1517 921 1563 destruentes
931 1541 942 1558 ,
952 1518 1061 1551 osten-

56 1563 142 1595 dunt
160 1569 282 1595 etanto
291 1559 466 1594 molimine
481 1582 492 1598 ,
512 1568 612 1592 tantis
622 1558 906 1592 discursationibus
916 1582 926 1598 ,
949 1568 1063 1593 tanto-

413 1394 480 1427 uod
490 1394 643 1426 nondum
652 1392 746 1426 habet
757 1416 768 1432 ‚
791 1402 890 1434 atque
899 1392 975 1426 cum
983 1403 1053 1426 tam

389 1405 534 1478 gynodis
543 1435 694 1467 nondum
702 1445 817 1468 eorum
834 1433 954 1468 animis
964 1434 1057 1468 fitia-

39 1609 122 1644 ·que
138 1611 291 1650 apparatu
311 1600 435 1649 iteratis
452 1599 734 1647 perquisitionibus
753 1623 763 1639 ‚
784 1601 987 1648 'nondum'se-
1002 1601 1064 1648 hoc

42 1676 43 1679 ,
58 1643 322 1686 aireqnipotuiffe
332 1666 343 1683 ,
365 1644 524 1689 quidnam
533 1644 572 1675 de
583 1641 714 1688 Chrillo
724 1642 763 1675 ab
782 1641 852 1684 ipsis
869 1642 1063 1675 Christianis

0 1690 2 1702 ²
55 1684 121 1719 fide
131 1686 172 1719 ad
190 1694 346 1718 aeternain
363 1685 502 1718 salutem
520 1683 692 1717 necessaria
709 1685 888 1717 tenendum
897 1683 951 1717 sit.
973 1683 1062 1729 Qiae

59 1727 137 1760 sane
147 1737 195 1759 res
204 1726 355 1760 omnium
366 1725 545 1772 impiorum
562 1724 737 1772 gentilium
754 1734 852 1767 atque
890 1726 1061 1771 udaeorum

56 1767 204 1814 ludibrio
213 1791 235 1814 ³.
246 1767 282 1802 in
289 1767 492 1814 quotidianis
503 1766 806 1813 subsannationibus
815 1766 847 1800 C
871 1766 936 1801 risti
948 1766 1062 1801 Eccle-

54 1809 134 1845 siam
142 1812 403 1850 religionemque
411 1808 631 1855 indignissime
648 1808 800 1850 exponit.
825 1809 975 1851 Synodus
985 1808 1059 1852 qui-

54 1853 135 1885 dem
143 1850 284 1897 Nic3aena
294 1873 304 1887 ,
326 1861 399 1892 quae
408 1850 486 1896 illos
495 1861 609 1884 omnes
619 1860 799 1898 con-ventus
809 1851 959 1898 p‘raece'ssit
969 1875 979 1890 ‚
989 1863 1059 1885 non

56 1892 255 1966 ffiffissss.
260 1890 1064 1967 ‘33535232‘13‘23v25153¹130335132³⁰¹33¹2152³

54 1970 109 2007 sus
126 1966 294 2006 Christum
310 1943 378 2018 eus}
395 1972 537 2018 haercfim
554 1975 754 2013 opponendo
764 1956 954 2007 unanimem
964 1955 1068 2009 totius

54 2013 209 2050 Ecclefiae
219 2015 259 2047 de
277 2012 408 2047 Christo
426 2013 661 2059 persuasionem
678 2017 711 2047 δε
728 2014 935 2048 certiffimam
946 2015 1045 2049 fidem
1056 2041 1067 2056 ,

52 2055 179 2091 ίοᾶιιιι
187 2065 309 2089 novam
328 2056 498 2088 damnavit
516 2058 550 2089 δε
567 2054 777 2090 anathemate
794 2057 952 2099 perculit;
974 2057 1064 2091 solo-

55 2109 122 2141 que
131 2095 296 2145 proposito
314 2095 412 2130 semel
430 2094 584 2139 symbolo
602 2095 680 2130 fidei
698 2097 855 2131 haetenus
873 2099 912 2132 de
931 2098 1062 2132 Christo

35 2160 37 2162 -
55 2141 183 2178 traditae
192 2162 204 2178 ,
226 2137 303 2172 istos
312 2149 476 2172 novarum
485 2138 698 2185 Synodorum
715 2138 864 2174 auQQres
873 2140 980 2183 arguit
989 2139 1064 2174 satis

29 2179 192 2256 tasuzercssi

194 2191 212 2214 e
222 2179 390 2213 liaereticos
399 2180 459 2213 esse
469 2188 647 2220 pertinaces
656 2203 665 2212 .

190 2233 208 2255 e
232 2221 431 2255 Constantio
457 2219 615 2255 verissime
640 2220 774 2254 testatur
798 2222 947 2256 ethnicus
964 2222 1066 2257 histo-

56 2263 141 2299 ricus
150 2262 348 2298 Ammianus
358 2261 593 2295 Marcellinus:
616 2266 637 2296 C
640 2261 816 2301 hristiaenam
826 2267 1001 2306 religionem
1011 2265 1066 2297 ab-

48 2304 187 2348 sidatam
204 2310 251 2338 (5⁰
263 2303 430 2346 simplicem
461 2305 539 2337 anili
555 2303 766 2345 superstitione
791 2307 974 2349 confuvndens
991 2329 1002 2345 ,
1031 2310 1065 2338 in

58 2358 121 2388 qua
132 2347 299 2387 scrutanda
313 2345 487 2387 perplexius
502 2357 599 2427 buum
617 2347 817 2386 componenda
835 2350 988 2380 ex‘ci'tavit
1006 2349 1068 2388 difi-

50 2389 132 2430 sidia
145 2389 301 2429 plurimu
321 2398 385 2427 quae
399 2397 503 2428 pregre
526 2398 546 2418 ι
553 2387 656 2434 fufiiqs
670 2389 751 2419 aluit
766 2391 982 2421 concertatione
991 2401 1067 2422 ver-

56 2430 162 2462 borum
173 2450 184 2467 ,
205 2435 246 2460 ut
256 2431 390 2467 utervis
409 2428 602 2469 „Antnstitum
629 2431 773 2463 tumentis
785 2430 909 2470 publicis
927 2427 1010 2462 ultrix
1025 2433 1067 2462 ci-

57 2480 165 2510 troque
181 2469 409 2509 disrurremibus
426 2492 437 2507 ,
465 2479 520 2511 per
539 2471 669 2510 Symdu
682 2481 756 2509 quas
773 2469 932 2511 appellant
950 2494 961 2510 ,
991 2473 1067 2504 dum

57 2515 154 2544 titum
174 2519 294 2543 omnem
312 2511 351 2543 ad
360 2512 455 2551 sicum
474 2512 630 2544 traducere
646 2519 772 2543 conatur
796 2513 959 2545 arbitrium
978 2536 990 2551 ,
1021 2516 1066 2546 rei

55 2553 252 2586 vehicularia
261 2553 422 2592 fiacrideri't
437 2564 548 2584 nervos
557 2576 564 2584 .

104 2602 132 2635 3.
153 2592 236 2626 Uno
253 2594 437 2634 eodemque
462 2592 690 2640 antro-Christi
711 2601 780 2641 359.
800 2593 856 2635 qui
875 2593 921 2628 est
940 2594 1064 2628 Liberii

59 2634 156 2676 Papae
173 2633 330 2680 octavus,
347 2637 387 2680 ,δε
404 2632 592 2668 Constantii
611 2633 747 2668 Caesaris
756 2634 923 2677 vigesimus
934 2647 1042 2670 nonus
1053 2660 1064 2676 ‚

55 2674 262 2717 ,Consulibus
280 2674 420 2722 Eusebio
438 2677 472 2709 δε
488 2675 664 2721 Hypatio,
685 2676 898 2720 Constantius
917 2679 995 2712 duas
1012 2688 1066 2712 to-

58 2725 99 2752 to
118 2717 207 2751 Orbe
225 2717 376 2758 Synodos
393 2718 510 2750 indixit
528 2728 537 2749 :
559 2721 662 2752 unam
678 2717 832 2751 Seleuciae
851 2718 884 2754 in
904 2719 1064 2759 Oriente,

51 2756 197 2798 ,alteram
213 2757 361 2804 Arimini
380 2757 413 2791 in
433 2757 632 2792 Occidente.
655 2758 836 2801 Utriusque
846 2760 1014 2794 contexuit
1026 2762 1064 2795 fi-

51 2801 170 2835 -vdelem
187 2799 355 2833 historiam
373 2799 566 2833 Athanasius
585 2800 641 2833 lib.
659 2802 699 2834 de
717 2801 861 2843 Synodis
872 2802 1065 2836 Ariminen-

38 2851 57 2870 „s

72 2854 84 2875 i
101 2845 134 2876 &
151 2840 343 2875 Seleuciensi
362 2861 369 2869 ·
401 2839 595 2875 Convenere
611 2841 755 2876 Arimini
774 2866 784 2881 ‚
805 2854 878 2885 quae
897 2844 941 2877 est
954 2845 1064 2878 Italia:

55 2897 70 2921 *⁷
115 2882 151 2916 bs·
166 2883 200 2916 in
219 2882 390 2929 Provincia
410 2878 579 2922 AEmiliae,
602 2884 834 2927 quadringenti
853 2884 980 2919 circiter
991 2886 1067 2928 Epi-

57 2923 171 2971 .stopi,
193 2924 363 2971 inquibus
380 2924 635 2958 numerabantur
652 2924 830 2959 secundum
846 2927 1064 2961 Athanasium

58 2975 296 3008 quinquaginta
316 2988 326 3004 ,
365 2965 542 2999 secundum
568 2975 679 3000 autem
705 2968 858 3001 Severum
883 2969 1066 3010 Sulpicium

60 3005 228 3050 octoginta
245 3006 384 3046 Ariani,
397 3006 441 3054 ⁴in
461 3006 578 3049 quibus
595 3017 686 3041 erant
703 3009 830 3042 Valens
848 3033 859 3049 ,
889 3009 1064 3050 Ursatius,

59 3044 284 3090 ‘Demophilus
310 3047 569 3082 Mediolanensis
597 3049 744 3083 Ecclesiae
771 3050 901 3085 invasor
918 3052 1010 3093 pulso
1031 3051 1065 3085 in

0 3107 2 3114 ν
59 3088 199 3124 exilium
213 3089 382 3132 Dionysio
398 3114 406 3123 .
438 3090 530 3124 Huic
548 3091 694 3124 interfuit
711 3091 848 3127 Svnodo
866 3091 1064 3126 Vincentius

0 3273 14 3296 ¹«
65 3250 126 3285 mii
143 3251 229 3285 e‘dita
246 3254 381 3289 secunda
412 3258 543 3290 ormula
563 3257 638 3291 fidei
658 3260 844 3299 praevaleret
862 3281 874 3297 ‚
918 3269 960 3291 ua
981 3258 1076 3292 Patri

63 3129 115 3165 Ca
138 3141 187 3164 11ae
213 3130 392 3173 Episcopus
419 3132 633 3173 Apostolicus
660 3128 828 3175 Legitus,
859 3133 916 3175 qui
943 3137 1063 3168 eodem

65 3172 109 3204 du
122 3179 192 3213 „um
207 3170 310 3206 fuerat
328 3184 462 3207 munere
489 3173 523 3206 in
548 3173 658 3207 {andta
678 3177 714 3208 δε
731 3174 932 3208 oecumenica
952 3175 1065 3209 Nicae-

64 3222 109 3244 na
123 3211 326 3252 perfimRus.
347 3216 385 3249 In
426 3214 516 3248 rimis
533 3214 677 3249 institere
694 3216 810 3249 Ariani
830 3240 840 3255 ‚
871 3226 908 3250 ut
927 3216 986 3250 illa
1004 3217 1069 3250 Sir..

0 3301 17 3332 ι,
66 3289 180 3327 similis
197 3292 301 3341 Filius,
308 3297 504 3331 asserebatur
523 3321 533 3336 ,
564 3299 656 3332 nulla
683 3298 850 3339 interjecta
861 3303 901 3341 fic
945 3300 1036 3333 antiae'
1057 3323 1068 3339 ‚

7 3358 10 3363 .
34 3363 35 3366 ,
66 3333 240 3375 multoque
258 3335 893 3380 minus<consubstantialia'tis'irientione.
915 3340 1071 3376 Catholi-

27 3512 36 3534 ε,
67 3497 393 3534 thodoxi·Antistites
410 3501 608 3545 Valentem,
631 3505 823 3546 Ursacium,

31 3578 33 3581 Ι
68 3538 313 3581 Demophilum
333 3541 512 3577 declaratos
528 3545 592 3578 haer

35 3603 37 3605 ·
69 3580 267 3619 resecarunt.

12 3393 15 3400 ·
67 3374 97 3408 ci
113 3385 183 3408 non
201 3373 292 3408 aliud
309 3377 411 3418 quam
425 3380 574 3416 Nicaenae
594 3381 671 3415 fidei
692 3381 879 3424 symbolum
890 3382 1071 3425 admitten-

70 3417 151 3462 dum
160 3416 221 3449 esse
230 3419 466 3464 contendebant
475 3444 484 3453 .
506 3422 548 3455 Et
558 3423 630 3464 post
638 3423 744 3457 varias
761 3426 894 3460 demum
904 3434 1069 3458 concerta.

65 3462 174 3493 nones
184 3479 195 3496 ‚
217 3457 335 3490 Arma!
345 3458 376 3491 {e
384 3460 423 3492 ab
434 3462 638 3498 Orthodoxis
656 3464 862 3504 seiunxerunt
872 3490 879 3497 .

629 3546 635 3552 Ι
845 3507 1050 3541 Auxentium
1060 3531 1071 3547 ,

594 3555 693 3582 eticos
713 3547 732 3582 a
750 3548 902 3582 fidelium
920 3548 1072 3583 societate

1879 231 2021 301 123

1137 329 1166 359 4.
1188 318 1282 366 Quia
1291 317 1369 353 verb
1380 317 1490 351 dirimi
1499 329 1536 351 ac
1553 318 1681 354 dissolvi
1698 315 2098 360 Synodumconffantiui

1094 369 1260 399 vetuerat,
1282 358 1533 403 antequamipse
1542 361 1675 403 receptis
1683 357 1991 402 Synodicisliteris,
2011 359 2096 395 &de

1097 401 1222 443 Synodi
1232 401 1312 435 affis
1322 403 1416 447 plene
1427 401 1598 436 instructus
1605 426 1617 442 ,
1624 401 1732 435 ·suum
1741 399 1860 443 scripto
1869 400 2027 443 placitum
2037 399 2098 438 Pan·

1099 442 1199 488 tribus
1208 440 1423 488 significasset:
1445 442 1522 476 Pars
1531 452 1666 490 utraque
1675 453 1732 485 per
1740 441 1934 484 delegatosa
1953 441 1983 474 se
1991 442 2104 483 syrio.

1103 485 1190 516 dicas
1207 486 1247 518 ad
1266 484 1276 518 i
1301 485 1373 521 sum
1389 483 1562 517 transmisit
1573 497 1582 524 3
1603 487 1655 518 sed
1674 482 1878 520 Arianorum
1894 483 2011 526 Legati
2029 482 2102 515 Va-

1101 526 1214 558 lens&
1224 525 1274 560 Ur
1288 525 1377 560 acius
1386 524 1536 559 citatiore
1546 525 1636 559 cursu
1653 524 1751 567 primi
1759 526 1800 558 ad
1819 524 2053 558 Constantium
2063 523 2108 557 in¹

1100 566 1239 601 Oriente
1250 569 1421 615 degentem
1439 566 1561 605 delati,
1583 576 1727 611 praeoccu
1752 575 1808 601 ato
1827 565 1918 600 illius
1935 565 2049 610 an'imo
2058 564 2099 598 fic

1098 607 1199 641 illum
1210 609 1228 641 a
1245 607 1431 652 Catholicis
1447 607 1631 641 alienarunt
1642 631 1652 647 ,
1675 617 1710 641 ut
1741 606 2101 649 'upenrenientibusCa-

1100 649 1234 683 tholicis
1243 647 1596 692 Legatissuiacceffiim
1614 661 1683 683 non
1702 648 1897 692 permiserit.
1917 647 2043 689 Scripsit
2051 657 2104 681 ta-
2123 674 2129 682 .

1102 702 1178 726 men
1188 692 1257 724 adS
1285 693 1413 724 nodum
1430 689 1461 723 se
1477 690 1688 732 negotiorum
1706 688 2106 733 fluffibusobrutumnoir

1103 732 1238 774 potuisse
1278 730 1628 776 egatosinsiiumcons
1660 730 1953 768 &cumadmittere.
1970 730 2104 763 Verun-

1104 782 1216 807 tamen
1226 773 1297 816 ipsis
1314 743 1672 819 delegatis-mandasset
1691 778 1728 807 ut'
1744 771 1777 806 se
1792 770 2015 819 Adrianppoli
2025 782 2106 817 prae-

1106 815 1303 848 stolarcntur
1320 838 1331 857 ,
1353 817 1457 848 donec
1474 814 1539 855 ipse
1557 814 1597 846 ab
1613 814 1820 855 expeditione
1837 837 1848 854 ‚
1877 823 1934 852 cui
1948 815 1980 846 se
1997 822 2105 845 accin-

1107 856 1221 899 gebat,
1244 858 1478 899 regrederetur.
1500 855 1552 888 Sic
1570 855 1627 887 ille
1645 854 1796 888 consulto
1812 855 1898 898 egit,
1920 863 1958 891 ut
1975 853 2105 888 Ortho-

1100 897 1199 937 dexi,
1219 909 1363 940 quorum
1372 899 1477 937 maior
1485 908 1556 942 pars
1573 896 1759 929 existimans
1774 897 1913 938 gratiam
1921 894 2105 942 Imperato-

1100 938 1255 978 risinire,
1276 939 1375 981 siejus
1384 938 1489 973 aerarii
1508 940 1654 979 sumptus
1672 937 1828 978 praestaret
1840 961 1850 976 ‚
1872 938 2030 976 maluerat
2041 937 2105 971 suis

1105 989 1161 1014 aut
1172 977 1389 1023 Ecclesiariiin
1407 980 1547 1022 expensis
1564 978 1838 1025 Arimini—vivere
1849 1003 1859 1018 ‚
1881 977 2107 1024 quamoblato

1105 1022 1158 1056 sibi
1178 1022 1217 1055 ab
1236 1034 1276 1056 eo
1295 1027 1504 1061 commeatu,
1524 1030 1616 1054 tanta
1635 1020 1730 1054 dilati
1742 1020 1903 1061 ‘temporis
1921 1021 2108 1065 prolixitate

1101 1063 1267 1102 deteri-iti,
1288 1075 1365 1097 cuin
1383 1062 1519 1098 Arianis
1537 1061 1633 1096 citius
1653 1061 1867 1098 convenirent
1888 1074 1896 1100 5
1917 1070 1973 1094 aut
1992 1061 2110 1094 saltem

1100 1103 1425 1148 Legatiorthodoxi,
1446 1103 1587 1138 &toedio
1607 1103 1830 1137 diuturnitatis
1848 1107 1879 1136 ὃς
1898 1102 2110 1144 expensarum

1102 1146 1300 1188 expavefaffi
1312 1170 1323 1186 ,
1346 1149 1587 1192 demererentur
1603 1145 1809 1178 Arianorum
1827 1146 1969 1191 Legatos
1979 1156 1993 1184 5,
2010 1143 2113 1177 inito-

1102 1199 1166 1236 que
1176 1187 1331 1221 cumillis
1340 1188 1495 1223 consensu
1507 1198 1588 1220 cirea
1600 1198 1649 1221 res
1664 1187 1761 1225 fidei,
1785 1186 1941 1226 Principis
1952 1185 2112 1231 accessum

1102 1230 1239 1263 simul&
1251 1229 1517 1263 benevolentiam
1535 1237 1771 1269 aucuparentur
1783 1252 1790 1260 .
1812 1229 1916 1269 quue
1934 1227 1978 1260 ita
1990 1229 2111 1261 succes-

1103 1270 1139 1304 sit
1150 1270 1278 1313 lugubri
1297 1271 1424 1312 proi-sus
1442 1269 1550 1304 exitu.
1572 1269 1799 1316 Legati'enim'
1811 1268 1996 1314 Catholicze
2015 1267 2115 1309 partis

1098 1311 1139 1346 eo
1149 1314 1285 1345 tandem
1297 1312 1431 1345 adducti
1442 1312 1513 1345 sunt
1524 1334 1535 1350 ,
1557 1320 1593 1343 ut
1602 1310 1762 1344 Sirmiensi
1782 1310 1932 1343 tormulae
1942 1309 1998 1354 sibi
2016 1309 2117 1342 obla--

1072 1364 1140 1394 „tae
1160 1353 1394 1395 subscripserint
1413 1378 1421 1386 .
1445 1352 1559 1394 anue
1577 1352 1780 1394 Legatorum
1797 1351 2022 1397 praevaricatio
2039 1361 2111 1395 non

1098 1406 1219 1437 paucos
1237 1396 1279 1428 ad
1298 1394 1439 1430 Arianas
1454 1403 1560 1436 partes
1585 1393 1730 1426 traduxit
1749 1416 1759 1431 ,
1788 1401 1912 1425 caeteris
1925 1393 2019 1438 „spem
2034 1401 2110 1424 ani-

1099 1448 1257 1478 mumque
1276 1436 1412 1477 dejecit,
1436 1433 1603 1469 universos
1622 1434 1712 1478 gravi
1732 1432 2031 1479 moeroreafiflixit.
2054 1433 2110 1465 Ad

1102 1479 1255 1512 Taurum
1263 1489 1398 1519 quoque
1417 1477 1611 1515 Comitem,
1633 1487 1734 1518 quem
1750 1474 1910 1521 Concilio
1920 1482 2119 1507 cumai·m;1-'

1101 1528 1215 1553 torum
1226 1529 1324 1552 manu
1335 1518 1538 1562 praefecerat,
1561 1516 1712 1559 rescripsit
1721 1516 1936 1563 Constantius
1946 1527 1958 1554 ;
1981 1524 2018 1563 ut
2027 1518 2117 1558 qua-⁵

1105 1571 1234 1602 cunque
1243 1561 1370 1594 ratione
1381 1559 1547 1594 universos
1557 1561 1597 1592 ad
1614 1570 1721 1592 unum
1737 1558 1932 1603 consensum
1947 1559 2090 1603 adigeret
2103 1579 2115 1595 ‚

1106 1613 1166 1635 nec
1183 1611 1259 1636 ante
1276 1601 1377 1643 quam
1395 1601 1428 1634 id
1445 1600 1570 1639 sanstuin
1588 1601 1662 1634 esset
1680 1623 1691 1639 ,
1721 1599 1894 1642 synodum
1912 1600 1997 1632 solvi
2014 1621 2024 1637 ‚
2055 1607 2114 1632 aut

1104 1655 1202 1686 quem
1227 1655 1305 1677 uam
1316 1643 1391 1676 inde
1401 1643 1514 1676 sineret
1524 1641 1651 1684 egredi.
1814 1643 1816 1645 ’
2091 1680 2098 1686 .

1147 1694 1162 1727 5
1167 1710 1175 1718 .
1233 1685 1328 1719 eversi
1337 1687 1380 1719 ad
1388 1685 1563 1728 Synodum
1571 1681 1830 1727 praevaricatores
1839 1681 1976 1724 Legati,
1986 1681 2025 1714 ab
2036 1681 2119 1723 Epi-

1103 1725 1208 1768 scopis
1226 1725 1411 1760 Catholicis
1429 1724 1706 1759 excommunicati
1725 1724 1814 1757 sunt.
1838 1724 1898 1757 Iste
1916 1734 2027 1757 tamen
2038 1722 2118 1756 fidei

1102 1770 1200 1803 ardor
1209 1780 1278 1802 non
1289 1768 1344 1801 diu
1365 1766 1548 1810 perduravit
1562 1791 1570 1799 .
1598 1765 1726 1811 Diversi
1745 1765 1836 1799 enim
1854 1764 1957 1810 indies
1966 1764 2031 1806 qua
2044 1765 2118 1797 ani-

1100 1821 1235 1845 morum
1253 1809 1456 1851 dejeetionc‚
1479 1806 1544 1850 qua
1564 1807 1709 1849 precibus
1728 1809 1760 1839 ὃς
1792 1806 2117 1847 pollicitationibus,

1100 1852 1166 1895 qua
1175 1852 1293 1892 minis,
1314 1850 1442 1895 quivi,
1463 1849 1530 1893 quii.
1549 1849 1635 1884 dolis
1654 1851 1687 1882 ὃς
1706 1847 1849 1887 artibus,
1870 1848 1935 1889 qua
1955 1846 2116 1893 longioris

1106 1906 1206 1928 morae
1215 1893 1339 1933 taedio,
1359 1890 1425 1936 qua
1443 1891 1565 1935 quietis
1579 1890 1617 1926 ’δε
1636 1890 1853 1925 Ecclcfinrum
1873 1889 2127 1937 revisendaiuin'

1106 1935 1282 1974 desiderio,
1303 1937 1343 1969 ad
1362 1935 1507 1969 Arianos
1532 1934 1745 1980 accedebant.
1769 1933 1842 1978 (Qui
1860 1931 1936 1966 cuni
1953 1933 2023 1966 alio
2035 1933 2111 1979 loco

1110 1976 1185 2010 suos
1197 1976 1353 2011 haetenus
1363 1985 1544 2010 conventus
1562 1975 1762 2014 habuissent,
1785 1977 1826 2008 ad
1846 1975 2033 2016 primariam
2042 1976 2124 2008 Ari-

1111 2018 1292 2056 minensem
1303 2018 1475 2052 Basilicam
1485 2018 1547 2051 sese
1580 2017 1645 2051 uasi
1655 2016 1798 2050 victores
1807 2017 2063 2056 transtulerunt,
2085 2020 2119 2050 δε

1106 2060 1405 2102 dereliquisadhuc
1413 2060 1568 2107 perstanti
1592 2070 1629 2093 us
1640 2058 1842 2101 deponendis
1852 2082 1862 2098 ,
1873 2062 1906 2092 δε
1917 2057 2020 2093 exilio
2032 2060 2120 2092 mul-

1105 2101 1232 2135 &andis
1252 2101 1523 2136 deliberationem
1541 2101 1685 2135 inierunt
1703 2125 1711 2134 .
1733 2099 1943 2147 Quibusdam
1962 2100 2060 2143 igitur
2077 2102 2118 2134 ad

1106 2154 1223 2177 eorum
1248 2153 1352 2185 partes
1378 2142 1602 2177 deficientibus
1619 2166 1630 2182 ,
1659 2141 1734 2175 aliis
1750 2143 1857 2177 adhuc
1875 2141 2087 2185 perstantibus
2108 2166 2121 2182 ,

1106 2184 1232 2219 Valens
1249 2184 1338 2227 quasi
1357 2184 1536 2219 benevolus
1545 2183 1688 2231 arbiter,
1708 2195 1824 2218 eorum
1835 2185 1894 2231 qui
1913 2185 2096 2231 supererant
2106 2207 2121 2223 ,

1105 2224 1230 2260 futuras
1240 2230 1274 2260 δὲ
1285 2227 1450 2269 proximas
1459 2225 1548 2269 quasi
1557 2226 1727 2260 mxseratus
1735 2225 1940 2259 calamitates
1949 2249 1960 2265 ‚
1984 2227 2126 2267 perinde.

1106 2278 1144 2300 ac
1153 2267 1175 2301 si
1183 2279 1308 2301 novam
1317 2268 1482 2302 rationem
1490 2267 1703 2301 adinvenisset
1714 2291 1725 2306 ,
1748 2279 1821 2309 quae
1831 2267 2006 2310 timoratas
2014 2266 2117 2300 etiam

1107 2307 1324 2342 conscientias
1335 2309 1368 2342 in
1387 2318 1463 2343 tuto
1473 2311 1655 2343 collocaret
1665 2331 1675 2347 ‚
1687 2307 1855 2350 proposuit
1866 2308 1896 2340 se
1905 2307 2118 2347 effe&urum‚

1107 2359 1143 2383 ut
1154 2348 1269 2383 relicta
1285 2349 1346 2382 illa
1356 2373 1367 2388 ,
1388 2362 1455 2391 qua
1474 2349 1751 2388 molestabantur,
1774 2348 1939 2385 Sirmiensi
1948 2348 2117 2391 professio-

1107 2400 1149 2437 ne
1159 2415 1170 2430 ,
1184 2391 1223 2438 jd
1235 2402 1341 2424 unum
1351 2402 1406 2437 per
1424 2389 1746 2434 commiserationem
1765 2394 1799 2436 βε
1818 2390 1982 2424 summam
1992 2390 2118 2424 Princi-

1108 2444 1156 2473 pis
1183 2432 1422 2478 indulgentiam
1450 2432 1678 2474 profiterentur
1697 2455 1707 2470 ‚
1737 2431 1861 2465 Filium
1886 2431 1954 2466 Dei
1972 2443 2042 2466 non
2061 2433 2124 2466 esse

1107 2481 1289 2507 creaturam
1307 2497 1317 2512 ,
1348 2483 1384 2507 ut
1402 2474 1474 2506 sunt
1493 2483 1607 2508 caetera
1624 2482 1732 2507 creata
1750 2498 1758 2505 .
1789 2473 1960 2514 Simulque
1978 2475 2122 2508 celerem

1107 2516 1174 2555 ejus
1184 2514 1414 2561 propositionis
1425 2517 1492 2548 una
1502 2526 1578 2548 cum
1587 2516 1708 2548 Tauro
1717 2525 1788 2547 rem
1797 2524 1930 2557 urgente
1941 2538 1952 2554 ,
1974 2515 2119 2558 reliquo.

1106 2567 1180 2591 rum
1190 2556 1457 2597 subscriptionem
1466 2556 1612 2590 obtinuit
1622 2568 1631 2594 ;

1105 2597 1285 2632 formidine
1295 2597 1395 2636 vieti,
1416 2608 1450 2632 re
1468 2597 1578 2631 minus
1596 2608 1658 2639 pen
1673 2598 1792 2630 iculate
1810 2596 1973 2639 inspecta,
1995 2597 2126 2632 solum.

1130 2651 1170 2673 ue
1190 2639 1448 2685 considerantes,
1473 2638 1507 2672 in
1526 2641 1605 2672 duas
1627 2640 1784 2672 duntaxat
1804 2639 2041 2680 propositiones
2051 2639 2120 2674 Ca-

1106 2691 1120 2714 t
1144 2681 1247 2715 olicas
1265 2682 1459 2714 consensum
1477 2679 1507 2713 se
1526 2680 1665 2722 praebere
1682 2692 1695 2718 ‚·
1716 2680 1806 2722 quod
1826 2681 1975 2715 Verbum
1993 2692 2066 2715 non
2081 2681 2118 2714 sit

1106 2723 1218 2764 aliqua
1236 2731 1382 2756 creatura
1402 2735 1410 2761 5
1442 2725 1475 2756 &
1494 2724 1586 2763 quod
1612 2721 1768 2756 omnibus
1786 2722 1939 2756 creaturis
1958 2722 2119 2764 dignitate

1107 2764 1273 2806 praecellat
1299 2775 1309 2803 ;
1348 2763 1553 2798 occasionem
1590 2762 1756 2806 gloriandi
1796 2765 1955 2798 dederunt
1982 2763 2118 2797 Arianae
2175 2783 2177 2786 .

1106 2804 1266 2844 aetioni,
1286 2804 1413 2839 traxisse
1433 2803 1508 2838 sein
1529 2804 1673 2846 plenaria
1691 2805 1828 2846 synodo
1848 2805 1920 2838 suos
1937 2807 2126 2838 omnesad-

1106 2845 1263 2881 versarios
1279 2848 1322 2879 ad
1341 2846 1561 2888 profitendum
1581 2845 1720 2888 propriis
1739 2846 1861 2888 scriptis
1875 2869 1886 2887 ‚
1909 2845 2035 2878 Filium
2053 2845 2122 2880 Dei

1106 2889 1167 2922 esse
1177 2888 1261 2921 intra
1271 2888 1422 2922 ordinem
1431 2897 1669 2922 creaturarum:
1691 2886 1789 2928 idque
1798 2898 1976 2920 commune
1986 2898 2062 2920 cum
2071 2888 2125 2920 his

1108 2930 1225 2963 habere
1244 2929 1379 2971 quidem
1400 2951 1413 2968 ,-
1441 2939 1478 2963 ut
1496 2929 1589 2962 simul
1608 2929 1692 2962 inter
1710 2939 1760 2961 res
1777 2937 1900 2962 creatas
1917 2929 2102 2962 collocetur
2113 2942 2124 2968 5

1107 2970 1226 3014 quibus
1246 2970 1400 3005 omnibus
1419 2970 1634 3013 supereminet
1653 2970 1751 3012 longe
1770 2968 1976 3008 sublimiori,
1998 2969 2054 3003 sed
2070 2979 2123 3004 ta-

1109 3024 1186 3047 men
1197 3021 1303 3046 creata
1317 3035 1329 3051 ,
1351 3013 1481 3054 propria
1490 3010 1702 3058 excellentia·
1900 3051 1907 3057 ·
2026 3051 2036 3056 ἦ

1148 3057 1178 3088 6.
1199 3053 1346 3087 Tametsi
1355 3055 1468 3087 autem
1478 3054 1527 3087 isti
1538 3052 1767 3087 subscribentes
1778 3064 1810 3086 re
1829 3053 1950 3086 melius
1978 3052 2121 3094 erspeGa

1107 3095 1195 3142 gravi
1207 3095 1265 3140 sint
1275 3096 1399 3136 pudore
1409 3094 1514 3131 suffusi
1524 3118 1535 3134 ‚
1556 3106 1663 3137 neque
1674 3095 1744 3128 ulla
1754 3093 1790 3127 sit
1799 3093 1921 3140 haeresis
1954 3104 2006 3128 ine
2015 3093 2120 3127 animi

1107 3137 1261 3171 consensu
1274 3149 1283 3174 5
1304 3137 1494 3171 nullatenus
1510 3146 1621 3170 tamen
1639 3136 1712 3170 sunt
1722 3147 1741 3168 a
1750 3136 1945 3182 grayiculpa
1955 3134 2125 3169 excusabi-

1109 3181 1157 3213 les
1176 3191 1186 3211 .·
1243 3186 1380 3211 uatenus
1398 3189 1467 3211 rem
1485 3177 1633 3211 immensi
1653 3185 1815 3210 momenti
1832 3176 1925 3218 praeci
1950 3177 2069 3211 itanter
2085 3181 2120 3211 δε

1111 3220 1211 3253 incon
1226 3218 1346 3252 iderate
1368 3229 1575 3262 peregerunt.
1600 3218 1717 3258 quue
1738 3217 1849 3264 sensu,
1866 3216 1930 3264 ‚scri
1954 3217 1978 3252 it
1995 3218 2124 3252 Hiero-

1110 3272 1231 3303 nymus
1252 3283 1261 3299 ‚
1283 3261 1452 3304 occasione
1461 3261 1630 3304 {generalis
1646 3260 1793 3305 Concilii
1812 3258 2046 3305 Ariminensis,
2067 3269 2123 3294 to-

1111 3313 1184 3336 tum
1204 3301 1329 3335 Orbem
1346 3311 1504 3336 terrarum
1524 3302 1681 3335 miratum
1698 3301 1789 3334 fuisse
1807 3301 1838 3334 se
1857 3301 1917 3334 esse
1935 3301 2137 3340 Arianum..

1112 3345 1268 3385 Illudque
1279 3343 1429 3378 Liberius
1438 3344 1545 3385 Papa,
1568 3347 1602 3376 &
1621 3342 1692 3384 post
1700 3353 1778 3376 eum
1795 3341 1960 3376 Damasus
1969 3342 2125 3384 reproba-

1115 3396 1190 3420 vere
1200 3409 1208 3417 .
1233 3383 1354 3430 Errant
1362 3387 1440 3419 vero
1453 3385 1596 3431 Rufinus
1612 3387 1646 3418 ἅτ
1655 3384 1808 3431 §octates
1818 3382 1873 3416 lib.
1885 3394 1914 3417 2.
1924 3394 1994 3431 cap.
2005 3395 2054 3425 29.
2064 3384 2129 3426 qui'

1113 3436 1262 3468 tempora
1273 3426 1510 3460 contundentes
1520 3450 1530 3465 ,
1554 3425 1676 3461 Liberii
1686 3426 1822 3458 exilium
1831 3448 1842 3464 ‚
1854 3427 1887 3459 &
1899 3424 2016 3458 Felicis
2027 3425 2060 3458 in
2071 3427 2130 3459 lo-

902 3466 936 3499 T
938 3477 995 3503 um
1007 3466 1075 3500 Or·
1114 3467 1292 3503 cumillius
1301 3467 1586 3510 subrogationem,
1608 3467 1679 3508 post
1687 3465 1930 3501 Ariminensem
1948 3468 2136 3514 Synodum,

1116 3509 1258 3543 referunt
1268 3522 1278 3541 :
1299 3521 1371 3550 quae
1381 3519 1491 3543 tamen
1502 3518 1579 3542 ante
1588 3509 1694 3549 plures
1711 3519 1816 3542 annos
1834 3508 1869 3541 in
1880 3508 2123 3542 Mediolanensi

1114 3549 1352 3585 Conciliabulo
1379 3551 1488 3626 contilg

1132 3592 1137 3597 ἢ
1492 3559 1583 3583 erant
1602 3574 1609 3581 .
1640 3548 1838 3595 Dignisliina
1859 3562 1955 3596 porro
1974 3549 2046 3582 sunt
2064 3549 2136 3588 oli-h

1117 3595 1242 3627 ltxvatu
1255 3615 1266 3632 ,
1276 3597 1311 3625 ea
1323 3597 1394 3634 qiiae
1407 3594 1452 3626 a'd‘

1491 3591 1611 3635 lyricos
1622 3590 1799 3632 Episcopos
1811 3590 1927 3633 scripsit
1936 3615 1947 3630 ,
1958 3589 2139 3635 occasione*

1693 3633 1732 3667 L'
1766 3644 1783 3666 z
1948 3635 2077 3666 Armua

1677 2554 1713 2589 ui
1729 2565 1765 2589 ut
1775 2566 1867 2590 erant
1877 2555 1939 2590 sive
1946 2556 2047 2591 taedio
2057 2557 2122 2591 five
2180 2567 2183 2570 ·
