2430 3958
0 0 1114 41 Wffl—f—*v
1123 0 1126 1 ⁷
1156 0 1176 12 vy

5 35 7 66 l
83 56 88 66 i

681 196 1056 279 Historica
1114 195 1444 309 Synopfis
1461 264 1478 282 .

62 329 140 359 rem
167 314 312 366 ubique
336 310 582 361 circumfert,
607 315 877 362 Joannamin
903 327 994 356 arce
1021 308 1091 352 ob.

61 363 216 414 selsam,
243 369 283 407 &
308 365 360 406 ad
386 378 562 407 extrema
592 365 788 408 redac‘i‘tain
808 392 825 415 ,
853 364 928 408 sese
954 362 1088 410 condi.

8 440 9 445 =
59 421 216 460 tionum
250 430 412 467 accepta
447 415 523 460 fide
549 442 564 466 ,
594 417 797 468 patrueli,
831 431 949 471 quem
975 422 1088 461 innu-

0 509 1 513 ,
57 474 172 511 meris
208 467 408 512 beneficiis
445 469 678 512 devinxerat
712 472 951 520 dedentem,
987 470 1088 513 datae

0 523 9 563 {¹
55 521 146 564 fidei
183 521 360 564 violator
393 522 492 567 elisis
528 522 568 566 la
601 538 674 564 ueo
709 521 886 565 faucibus
915 525 1085 565 interimi

0 570 10 629 {3
56 572 152 624 justit
175 603 187 615 .
213 574 376 627 Sibique
401 574 476 616 hac
502 580 571 626 per'
601 575 661 616 dia
689 574 1047 628 Regnum'assetuit
1073 604 1085 615 .

0 658 10 680 ,ἐ
57 630 152 669 Haec
179 625 489 678 Boninsegnius,
521 630 720 676 Niemius,
747 631 788 671 S.
813 625 1044 671 Antoninus
1069 652 1086 677 ‚

59 681 208 731 aliique
234 678 395 720 illorum
417 693 636 730 temporum
663 678 846 722 Historici
863 680 1087 730 prodidere.

0 736 11 771 ’ὲ
115 745 175 776 1⁴·
202 730 344 774 Infelix
369 736 550 782 Joanna,
579 747 625 775 ut
643 731 805 777 salutem
822 731 1002 775 adversus
1021 745 1086 774 tot

8 787 11 803 ‘'
54 783 183 825 hostes
210 787 483 837 impugnantes
510 798 688 828 tueretur
709 809 725 832 ,
761 784 813 824 ad
842 786 1084 825 Francorum

54 850 164 878 arma
200 850 399 878 recurrens
436 838 678 880 Ludovicum
718 834 1039 888 Andegavenscm
1069 862 1086 884 ,

53 890 229 930 Franciae
265 888 475 931 Rectorem
499 916 515 938 ,
550 888 690 935 Caroli
722 886 820 930 sexti
865 888 980 940 Regis
1017 892 1086 931 Pa-

10 970 11 974 ,
54 954 187 984 truum
219 943 262 983 in
295 939 420 983 filium
447 943 735 991 adoptaverat,
770 937 833 982 sed
859 939 882 982 ὲ
910 941 1086 992 Dyrrha-

9 1005 11 1007 ’
54 991 179 1036 chino
217 992 382 1043 repressa
418 996 458 1036 &
494 1006 693 1044 perempta
719 989 793 1034 fuit
813 1018 825 1037 ‚
859 993 1081 1046 priusquam

54 1048 272 1094 expetitum
301 1048 470 1088 Franciae
497 1046 687 1088 auxilium
713 1047 842 1094 parari
868 1060 915 1087 ac
944 1046 1080 1096 praesto

11 1133 12 1136 ,
55 1096 130 1138 esse
149 1094 355 1148 potuisset.
382 1099 627 1143 Ludovicum
655 1096 974 1148 Andegavcnsem
1001 1098 1084 1140 col-

56 1148 170 1192 leeris
212 1154 332 1201 copiis
383 1150 623 1193 succindium
657 1151 840 1191 Clemens
878 1148 1080 1201 Antipapa

52 1199 264 1245 Avenione
300 1203 445 1256 Regem
474 1202 625 1251 Apuliae
650 1204 860 1245 coronavit
885 1229 897 1241 .
923 1204 1004 1257 Qi
1032 1218 1081 1246 ex

52 1256 266 1296 Provincia
293 1253 501 1307 digressus,
527 1267 595 1302 per
621 1252 740 1303 Alpes
764 1256 924 1298 Cottias
942 1257 989 1297 In
1005 1257 1082 1298 Ita-

52 1307 149 1347 liam
176 1309 421 1355 penetravit,
450 1305 516 1347 ubi
545 1306 717 1355 plurimis
744 1304 905 1348 affectus
933 1310 1081 1349 incom-

49 1358 176 1400 modis
194 1382 211 1406 ,
243 1356 444 1400 fatiscente
488 1359 643 1400 Franco
678 1355 844 1400 insolitis
867 1358 1012 1402 aestibus
1039 1364 1080 1401 &

49 1409 196 1451 morbis
221 1433 238 1458 ,
277 1407 579 1464 interceptisque
622 1410 673 1453 ad
708 1413 829 1454 vitam
867 1410 1081 1456 necessariis

49 1463 357 1512 commeatibus,
383 1475 507 1514 atque
533 1463 728 1507 Italorum
755 1465 899 1506 invidia
926 1462 1078 1507 infectis

48 1529 207 1556 veneno
253 1520 404 1568 aquis,
443 1516 644 1559 diminutis
680 1518 875 1559 Francicis
912 1521 1036 1567 copiis
1062 1543 1078 1566 ,

46 1571 174 1608 atroci
210 1565 416 1610 commisso
459 1567 593 1618 ptaelio
627 1568 710 1610 caesi
745 1584 834 1611 cuin
865 1571 980 1612 Duce
1009 1585 1080 1611 no-

51 1617 118 1663 stri
149 1621 444 1664 occubuerunt.
471 1620 643 1664 Carolus
660 1621 962 1674 Dyrrhachinus
985 1635 1075 1675 que·

47 1673 305 1715 madmoduin
333 1687 422 1725 erga
451 1673 683 1728 Joannam,
719 1678 777 1717 ita
810 1678 850 1715 δε
884 1678 925 1716 in
955 1675 1078 1717 Urba-

46 1739 142 1767 num
183 1724 347 1782 insignes
386 1726 483 1767 olim
527 1724 795 1769 benefactores
830 1724 918 1768 suos
952 1731 1079 1778 ingra-

48 1789 141 1826 tus,
169 1778 282 1827 hujus
309 1792 470 1831 quoque
487 1781 735 1822 machinatus
753 1782 943 1828 exitium,
971 1780 1076 1821 ideo-

48 1842 128 1882 que
156 1831 248 1872 diris
275 1831 325 1873 ab
356 1832 523 1873 Urbano
549 1831 744 1880 devetus,
771 1832 950 1884 eumdem
975 1834 1077 1874 Pon.

47 1882 198 1925 tificem
231 1884 406 1926 Lucetiae
448 1884 559 1926 arcta
597 1882 800 1926 obsidione
834 1887 991 1933 cinxit,
1025 1898 1075 1926 ex

45 1947 130 1986 qua
158 1948 291 1977 tamen
322 1936 509 1976 Urbanus
546 1935 835 1986 opitulantibus
864 1933 1076 1979 Genuensi·

44 1987 118 2030 bus
145 1986 200 2029 est
234 1987 439 2029 liberatus.
468 1988 770 2038 Dyrrhachinus
797 1990 916 2037 porro
942 1988 1075 2031 Sicula

39 2041 322 2087 dominatione
349 2041 512 2080 minime
527 2042 769 2087 contentus,
798 2053 877 2091 qua
906 2038 1074 2089 insidiis,

75 2094 124 2133 ua
140 2097 180 2133 vi
207 2105 341 2141 aperta
371 2089 511 2133 invasit
537 2093 752 2142 Hungari'ae
779 2105 940 2144 regnum
963 2110 974 2130 :
998 2095 1075 2135 Sed

39 2106 188 2189 iliidem
222 2142 410 2192 scelerum
437 2158 578 2194 poenas
605 2144 681 2184 luit
704 2169 720 2192 ,
748 2142 771 2184 ὲ
799 2148 977 2196 gregario
1005 2149 1074 2186 mi-

45 2198 118 2240 lite
147 2201 403 2246 interemptus
424 2215 438 2249 ,ἡ
462 2200 568 2244 cujus
593 2195 764 2237 cadaver
792 2209 933 2245 utpote
961 2196 1075 2239 odio-

41 2249 71 2292 si
99 2248 353 2299 sceleratique
379 2250 451 2288 viri
479 2260 601 2296 atque
622 2250 664 2288 in
687 2246 899 2290 Pontificia
920 2263 1076 2292 excom.

43 2303 318 2344 municatione
353 2301 536 2346 mortui,
575 2296 840 2339 Ecclesiastica
867 2304 996 2341 caruit
1023 2299 1074 2344 se·

40 2354 224 2406 pultura.
253 2353 389 2394 Morte
417 2351 528 2400 huius
545 2363 620 2402 que
638 2353 808 2401 contigit
835 2365 947 2392 anno
964 2354 1072 2403 1386.

41 2406 260 2454 Neapolim
288 2404 421 2446 delata
437 2429 453 2452 ,
480 2401 586 2444 filius
606 2406 683 2451 ejus
711 2402 830 2451 paulo
852 2406 978 2451 major
1005 2405 1070 2446 de-

45 2462 164 2502 cenni
195 2455 431 2504 Ladislaus,
456 2469 585 2507 quem
613 2456 753 2496 Franci
790 2455 1071 2505 Lancellotum

41 2513 206 2558 dicunt,
234 2509 549 2558 Neapolitanum
577 2507 756 2558 Regnum
783 2504 971 2558 suscepit.
998 2508 1071 2550 Iste

40 2560 222 2615 flagitiosi
262 2565 384 2611 patris
419 2573 504 2601 non
543 2559 672 2601 minus
711 2557 928 2610 flagitiosa-1
942 2560 1070 2609 proles

39 2630 109 2669 per
147 2613 358 2657 schismatis
396 2610 643 2656 occasionem
679 2611 856 2659 Romam
889 2611 994 2654 haud
1021 2610 1071 2654 se-

40 2669 120 2711 mel
139 2680 335 2715 occupare
361 2678 554 2713 conatus,
582 2665 633 2707 ab
655 2663 865 2712 :Ludovico
893 2663 1069 2706 Andium

34 2722 187 2771 Duce,
224 2719 418 2768 Ludovici
453 2720 563 2766 ejus,
592 2718 662 2768 qui
694 2730 838 2757 contra
874 2717 1067 2759 Carolum

39 2771 367 2826 Dyrrhachinum
394 2770 546 2812 indicto
575 2769 684 2810 bello
711 2772 752 2811 in
789 2768 937 2818 Apulia
986 2774 1067 2811 vita

39 2823 275 2873 excesserat,
300 2821 412 2871 filio,
438 2822 563 2863 vietus
589 2835 642 2862 ac
665 2817 847 2871 repressus
873 2823 927 2864 est
955 2836 1066 2863 anno

45 2891 158 2930 ¹4¹1·
185 2875 249 2920 sed
276 2877 444 2918 victoria
470 2872 640 2917 nesciens
666 2877 726 2916 uti
752 2874 1005 2923 Ludovicus,
1028 2889 1067 2917 re

41 2930 188 2978 infecta
225 2929 400 2971 Galliam
437 2929 573 2978 repetit
598 2955 609 2968 .
644 2927 787 2970 Dicere
815 2924 966 2968 solebat
993 2928 1067 2970 La-

43 2983 188 3025 dislaus
207 3007 224 3032 ,
261 2979 288 3021 fi
325 2980 452 3022 hostes
488 2979 626 3021 cadem
665 2976 746 3029 ipsa
771 2978 833 3021 die
859 2979 1065 3020 vidioriam

27 3101 183 3133 veorum
194 3086 384 3135 potestate
405 3083 600 3127 futurum.-
627 3081 654 3125 fi
661 3084 814 3134 postera
824 3084 910 3132 die,
927 3097 1011 3124 non
1024 3080 1064 3124 se

27 3139 111 3183 'sed
130 3137 508 3190 regnum:sttertia,
535 3152 609 3179 nec
623 3134 660 3180 se
688 3149 761 3179 nec
777 3149 1065 3189 regnumzquo-

0 3223 1 3226 =
21 3237 24 3243 ,
42 3197 152 3237 niam
174 3189 357 3233 advertiis
382 3205 520 3235 eorum
539 3194 618 3231 vim
637 3201 870 3239 opportuna
892 3188 1060 3231 remedia

42 3239 298 3288 adhibuisset.
324 3243 497 3294 Culpam
525 3257 655 3286 tamen
679 3241 788 3284 illam
807 3241 989 3285 Historici
1005 3244 1063 3283 ita

26 3296 224 3350 {tegerunt
268 3297 310 3336 in
349 3297 513 3339 Saulum
548 3293 732 3337 Ursinum
769 3291 1063 3337 Pontificiarum

27 3346 248 3400 leopiarum
282 3347 420 3390 ducein
438 3373 454 3397 ,
491 3362 610 3402 quem
644 3347 816 3397 produnt
852 3359 934 3388 tum
972 3359 1063 3396 prae-

9 3401 165 3449 ‘r'dandi
192 3400 436 3450 cupiditate,
476 3414 561 3444 tum
596 3400 823 3441 ambitionis
857 3398 1019 3442 libidine
1045 3423 1062 3448 ,

6 3461 284 3508 &metuentem
312 3451 339 3494 fi
376 3451 522 3495 bellum
548 3452 810 3496 conficeretur
828 3476 843 3501 ,
881 3465 930 3492 ne
957 3450 1062 3492 dein-

7 3509 133 3558 {iceps
165 3519 211 3545 ea
239 3517 318 3555 qua
353 3504 530 3555 pollebat
557 3506 803 3549 authoritate
821 3529 837 3552 ,
864 3503 1021 3545 caderet
1047 3533 1059 3546 .

29 3556 170 3608 JAnno
194 3557 331 3598 deinde
364 3570 432 3608 141
448 3569 477 3602 ς.
494 3556 702 3601 'Ladislaus
729 3554 952 3607 foedifragus
984 3556 1060 3598 Ro·

30 3620 150 3652 'main
176 3610 224 3652 de
258 3609 470 3659 improviio
507 3610 664 3653 invadit
701 3611 875 3652 armatus
894 3633 910 3659 ,
937 3607 1062 3665 Joan-

44 3033 239 3088 ptosecuti
264 3026 453 3080 fuissentq,
481 3045 563 3078 tam
591 3029 628 3072 se
643 3056 659 3078 ,
687 3031 808 3083 quam
835 3032 996 3083 regnum
1022 3034 1084 3072 in

1130 327 1220 354 nem
1247 316 1393 364 Papam
1419 316 1562 358 xxm.
1589 320 1630 360 in
1654 316 1784 371 fugam
1810 324 2036 373 compellit,
2051 326 2166 370 mul-2

1132 378 1194 408 tos
1210 366 1567 419 indiscriminatim,
1596 373 1636 414 &
1657 371 1862 423 Praelatos,
1888 378 1930 418 &
1948 376 2154 427 cujuscun-

1131 429 1209 478 que
1235 416 1344 461 sortis
1373 423 1589 471 interimit,
1615 422 1790 467 basilicas
1819 423 1946 470 sacras
1972 430 2148 484 expilat,

1133 470 1433 525 innumerosque
1459 477 1563 515 vii-os
1596 488 1735 526 captos
1769 478 1820 519 ad
1858 484 2035 526 triremes
2067 484 2149 527 adi-

1131 526 1212 573 git,
1239 522 1416 566 honestas
1441 525 1621 569 foeminas
1647 531 1687 570 &
1707 527 1829 573 sacras
1859 533 2037 584 Virgines
2062 535 2150 579 stio-

1129 587 1216 615 rum
1241 575 1393 620 libidini
1420 574 1563 622 effraeni
1597 584 1788 630 permittit
1812 611 1825 623 .
1853 582 2056 639 Annoque
2082 588 2147 632 de·

1127 640 1234 668 mum
1263 641 1375 681 1414.
1409 633 1547 680 impius
1584 632 1786 678 Ladislaus
1818 632 1924 679 foeda
1951 639 2146 686 pudenda·

1127 691 1205 731 que
1232 695 1358 723 morte
1387 684 1621 728 occumbens
1641 711 1657 733 ,
1693 687 1744 729 ad
1772 689 2017 732 tremendum
2046 694 2144 735 DEI

1127 732 1306 780 judicium
1332 735 1518 776 evocatus
1544 737 1666 779 nullis
1692 735 1949 788 superstitibus
1977 741 2104 785 liberis
2125 771 2142 794 ‚

1126 783 1295 846 Joannae·
1340 783 1515 830 secundae
1559 786 1682 831 sorori
1721 805 1883 843 regnum
1929 792 2089 847 reliquit
2116 810 2142 845 ·,

1127 849 1244 888 quam
1269 837 1475 881 libidinosa
1502 842 1584 881 vita
1611 841 1773 886 reddidit
1801 843 2005 888 infamem.

1182 901 1238 938 ις.
1268 889 1558 935 Atrociffimum
1594 892 1668 935 isto
1703 898 1743 938 δι
1779 895 1958 950 sequenti
1998 897 2140 943 saeculo

1126 939 1265 983 exarsit
1313 941 1665 995 Anglosrancicuin
1712 947 1858 990 bellum
1885 979 1895 990 .
1937 951 2142 994 Eduardus

1126 997 1262 1034 tertius
1289 993 1508 1047 Anglorum
1544 997 1629 1039 Rex
1657 996 1822 1050 Isabella
1851 1000 2016 1053 Philippi
2044 1004 2140 1049 dieti

1123 1044 1282 1088 Pulchri
1309 1050 1477 1090 Franciae
1506 1048 1620 1101 Regis
1646 1048 1728 1092 filia
1756 1067 1899 1102 natu-⁴3,
1929 1055 2036 1106 quast
2064 1071 2141 1098 ma·

1123 1110 1238 1139 terno
1273 1099 1447 1143 exclusus
1487 1099 1726 1146 succeffionis
1771 1108 1885 1154 jurei,
1921 1107 2142 1158 indignatur

1121 1150 1319 1202 praelatum
1348 1150 1415 1192 sibi
1453 1157 1490 1193 vi
1525 1155 1664 1198 Salicae
1692 1157 1786 1210 legis
1815 1153 2039 1208 Philippum
2067 1163 2143 1203 Va-

1120 1201 1254 1244 lesium
1280 1203 1559 1262 praedecessoris
1593 1208 1730 1250 Caroli
1759 1209 1875 1261 Regis
1909 1211 2004 1252 dieb
2076 1227 2142 1252 uo·

1121 1268 1200 1308 que
1227 1257 1413 1304 Pulchri,
1453 1260 1521 1308 qui
1549 1259 1666 1300 nullis
1702 1261 1847 1304 relictis
1875 1261 2006 1305 liberis
2036 1278 2060 1304 o
2091 1266 2141 1305 ie·

1121 1321 1205 1356 rat,
1233 1308 1479 1358 patruelem,
1509 1309 1586 1351 hoc
1612 1312 1665 1353 est
1692 1326 1741 1353 ex
1775 1312 1893 1357 fratre
1927 1314 2029 1356 illius
2059 1317 2140 1359 Ca·

1122 1359 1214 1402 rolo
1242 1360 1394 1404 Valesio
1425 1373 1609 1410 nepotem
1627 1391 1638 1403 .
1666 1365 1790 1406 Simili
1819 1369 1901 1414 jure
1928 1380 2021 1408 ante
2049 1380 2155 1418 pau--

1120 1426 1188 1454 cos
1215 1427 1344 1454 annos
1374 1414 1513 1462 rejecta
1538 1414 1698 1469 Joanna
1726 1417 1918 1459 Ludovici
1943 1421 2085 1459 Hutini
2101 1417 2144 1460 fi·

1120 1465 1174 1506 lia
1191 1489 1208 1512 ,
1235 1465 1410 1507 delatum
1437 1468 1607 1509 Franciae
1634 1465 1692 1510 Re
1722 1483 1814 1510 nuni
1847 1467 1972 1511 suerat
1999 1469 2143 1519 Philip-

1120 1530 1174 1567 po
1199 1518 1347 1568 Longo
1373 1520 1515 1559 Hutini
1548 1519 1662 1572 Regis
1709 1526 1820 1563 ratri.
1847 1522 2049 1564 Eduardus
2077 1537 2139 1563 ve-

1121 1570 1167 1610 ro
1194 1569 1412 1610 ambitione
1439 1573 1559 1622 magis
1588 1571 1706 1623 quam
1734 1573 1818 1615 ullo
1834 1577 1914 1622 jure
1929 1577 2068 1624 nixus,
2084 1578 2140 1616 in·

1120 1621 1236 1674 signia
1263 1619 1331 1662 fibi
1360 1636 1504 1663 nomen
1539 1637 1585 1663 ue
1613 1622 1727 1676 Regis
1753 1627 1925 1666 Franciae
1953 1640 2138 1679 arrogat,

1119 1688 1162 1715 ut
1191 1674 1419 1715 rebellionis
1445 1688 1518 1724 pro
1549 1689 1631 1716 rum
1660 1689 1741 1717 tam
1768 1676 1792 1719 ὲ
1818 1675 1938 1726 seipso
1966 1691 2087 1731 quam
2114 1679 2137 1721 εὶ

1115 1725 1293 1770 [ΡΙαηάτίς
1323 1723 1473 1778 suisque
1511 1728 1721 1778 Aquitanis
1765 1731 1806 1771 &
1844 1729 2090 1772 Normannis
2118 1755 2134 1779 ,

1119 1792 1220 1830 quos
1248 1781 1289 1819 in
1318 1776 1475 1827 suscepti
1502 1781 1644 1821 temere
1672 1779 1766 1822 belli
1792 1778 2019 1824 societatem
2046 1780 2139 1826 asci-

1118 1844 1227 1873 verat
1244 1855 1261 1878 ,
1287 1843 1491 1873 amoveret
1515 1859 1526 1870 .
1554 1829 1708 1882 Anglus
1737 1835 1880 1886 quippe
1908 1837 1947 1875 &
1974 1834 2136 1878 Flandri

1118 1883 1213 1936 Regi
1242 1884 1480 1925 Francorum
1506 1897 1620 1925 erant
1656 1882 1744 1926 fidei
1778 1888 1818 1927 δι
1852 1886 2044 1927 clientelae
2074 1901 2135 1932 ne,

1117 1950 1172 1977 xu
1198 1935 1396 1976 obstriffi:
1422 1933 1502 1976 imo
1529 1934 1634 1977 haud
1661 1936 1786 1979 multo
1816 1938 1961 1987 pridem
1989 1939 2136 1981 Eduar.

1118 1989 1188 2029 dus
1227 1985 1302 2038 ipse
1336 1985 1427 2029 fidei
1464 1989 1506 2030 δε
1542 1986 1721 2040 obsequii
1760 1987 2041 2032 sacramentum
2086 1991 2135 2032 de

1118 2038 1347 2091 Aquitaniae
1381 2042 1543 2081 Ducatu
1578 2043 1619 2082 &
1659 2043 1908 2084 pictavorum
1943 2046 2136 2086 comitatu

1117 2093 1242 2141 eidem
1272 2092 1454 2142 Philippo
1483 2092 1579 2144 Regi
1605 2093 1759 2143 publice
1787 2094 2025 2143 praestiterat.
2053 2098 2135 2138 Hu-

1117 2142 1216 2193 iusce
1243 2145 1339 2185 vero
1364 2143 1460 2185 belli
1485 2143 1551 2185 sax
1567 2147 1606 2186 &
1626 2146 1886 2188 incendiarius
1903 2151 2035 2190 extitit
2056 2148 2134 2189 Ro-

1117 2197 1249 2240 bertus
1283 2196 1522 2238 Atrebatum
1549 2212 1712 2246 comes,
1748 2197 1931 2249 Philippo
1959 2200 2052 2252 Regi
2081 2200 2133 2242 le-

1117 2249 1226 2291 vibus
1251 2261 1300 2291 ex
1323 2247 1443 2292 causis
1468 2247 1750 2292 infensiisimus.
1782 2254 1928 2293 Primus
1945 2251 2038 2294 belli
2055 2265 2134 2294 tur-

1115 2301 1169 2344 bo
1197 2302 1300 2351 apud
1330 2302 1470 2343 Clusas
1489 2305 1606 2353 Beigij
1633 2302 1823 2344 celebrem
1849 2316 2007 2353 portum
2023 2318 2137 2354 gran·

1115 2353 1154 2394 di
1179 2351 1326 2403 fragore
1348 2357 1548 2401 intonuit,
1579 2356 1691 2395 vic’cis
1709 2355 1838 2396 navali
1865 2355 1999 2403 praelio
2016 2357 2134 2398 Fran·

1114 2406 1188 2450 cis,
1213 2405 1415 2458 captisque
1439 2418 1509 2446 aut
1534 2404 1707 2455 depreffis
1725 2407 1903 2447 omnibus
1931 2405 2008 2449 fere
2036 2405 2134 2457 ipso-

1115 2470 1199 2497 rum
1234 2456 1396 2498 navibus
1423 2471 1534 2497 anno
1563 2468 1675 2510 1340.
1702 2457 1870 2508 indeque
1897 2459 1948 2499 ad
1973 2457 2134 2502 Cressia.

1113 2523 1202 2550 cum
1238 2510 1280 2549 in
1317 2507 1525 2550 Ambianis
1561 2511 1762 2558 tempestas
1788 2509 1939 2552 funesta
1975 2512 2133 2554 deflexit

1113 2576 1224 2602 anno
1258 2568 1370 2611 1346.
1409 2560 1477 2602 ubi
1505 2561 1671 2603 terrestri
1695 2566 1910 2603 certamine
1937 2576 2017 2604 tam
2045 2563 2137 2604 hor-

1114 2613 1235 2655 renda
1261 2615 1535 2654 internecione
1570 2612 1653 2654 caesi
1688 2612 1774 2655 sunt
1802 2614 1922 2655 nostri
1940 2641 1956 2664 3
1992 2628 2036 2656 ut
2064 2629 2133 2656 cae·

1112 2663 1242 2706 sorum
1269 2663 1355 2712 plus
1383 2677 1503 2716 quam
1531 2668 1695 2716 triginta
1722 2666 1845 2707 millia
1873 2665 2105 2709 censeantur
2122 2697 2134 2709 .

1110 2718 1207 2760 Inde
1234 2716 1424 2760 Caletum
1450 2717 1501 2758 ab
1527 2717 1667 2769 Anglis
1703 2718 1917 2761 victoribus
1945 2717 2130 2762 obsessum

1109 2772 1152 2813 δι
1175 2781 1460 2821 expugnatum.

1166 2829 1230 2865 16.
1266 2821 1440 2873 loannes
1461 2835 1510 2864 ex
1548 2820 1728 2872 Philippo
1765 2820 1922 2866 Valeiio
1951 2822 2054 2874 Rege
2087 2824 2129 2865 &

1110 2874 1270 2931 Joanna
1304 2873 1470 2915 Robetti
1495 2875 1723 2928 Burgundiae
1754 2877 1877 2917 Ducis
1916 2872 1998 2915 filia
2022 2877 2128 2926 geni-

1110 2941 1173 2970 tus
1208 2924 1396 2968 defuneto
1431 2929 1534 2974 patri
1570 2925 1773 2968 succedens
1792 2951 1808 2975 ,
1846 2926 2127 2968 haereditarium

1109 2994 1199 3021 cuin
1227 2977 1451 3030 Anglorum
1486 2977 1589 3028 Rege
1616 2976 1762 3020 bellum
1797 2981 1880 3028 pari
1906 2977 2010 3030 gessit
2034 2977 2128 3020 infe-

1099 3032 1278 3075 licitate.
1297 3029 1489 3071 Adoritur
1505 3029 1598 3072 vero
1618 3030 1842 3072 Eduardum
1863 3031 2000 3073 Vaiiiae
2019 3032 2130 3072 Prin·

1108 3087 1233 3133 cipem
1261 3081 1430 3124 Eduardi'
1457 3084 1561 3124 tertii
1583 3079 1706 3123 filium
1726 3087 1766 3124 in
1785 3097 1836 3124 an
1865 3081 1978 3124 ustias
2004 3084 2043 3123 in
2066 3084 2129 3124 Pi-

1106 3135 1292 3179 &onibus
1319 3133 1537 3180 redactum.
1562 3136 1603 3176 &
1631 3147 1804 3186 pugnam
1850 3146 2138 3185 eprecantem,

1108 3205 1134 3231 a
1161 3201 1243 3240 quo
1267 3200 1400 3229 tamen
1424 3189 1509 3228 acie
1533 3189 1704 3228 vincitur
1719 3212 1736 3236 ,
1763 3184 1918 3238 ipseque
1943 3186 2122 3242 Joannes

1109 3242 1194 3284 Rex
1216 3245 1295 3281 una
1320 3253 1411 3281 cum
1435 3237 1620 3289 Philippo
1647 3238 1757 3287 filio,
1784 3245 1851 3284 cui
1876 3252 2019 3280 nomen
2038 3237 2121 3282 Au-

1108 3295 1213 3337 dacis
1224 3291 1416 3340 inditum,
1442 3289 1641 3344 multaque
1663 3290 1821 3334 Gallica
1836 3289 2060 3334 Nobilitate
2075 3293 2120 3333 in

1107 3345 1294 3398 Angliam
1319 3344 1550 3391 abducitur,
1577 3343 1679 3385 unde
1705 3343 1790 3393 post
1813 3342 2120 3395 quadriennium

1106 3394 1322 3448 composita
1356 3396 1407 3438 ad
1436 3397 1690 3438 Britiniacum
1717 3408 1810 3445 pace
1827 3418 1845 3444 ,
1872 3397 1914 3436 in
1941 3395 2119 3440 Galliam

1106 3451 1203 3494 liber
1228 3445 1395 3492 dimissus
1421 3445 1513 3490 fuit.

1162 3515 1220 3548 17·
1247 3501 1405 3557 Joanne
1429 3503 1512 3541 vita
1532 3497 1695 3548 funeto,
1721 3499 1899 3551 Regnum
1925 3496 2118 3549 capeffivit

1106 3559 1210 3607 prior
1237 3567 1333 3595 natu
1349 3557 1428 3603 ejus
1453 3550 1555 3593 filius
1583 3550 1756 3594 Carolus
1776 3558 1818 3594 &
1844 3566 1884 3594 re
1912 3554 1948 3591 ὅ(
1973 3564 2119 3603 cogno.

1104 3612 1208 3653 mine
1235 3608 1396 3657 Sapiens
1415 3634 1425 3645 .
1459 3604 1567 3648 Istius
1603 3601 1720 3647 frater
1747 3603 1946 3655 Philippus
1973 3601 2114 3697 231an
