2430 3958
1800 166 1818 180 ρ

680 167 1052 250 Historica
1115 166 1446 279 Synopfis
1468 233 1484 248 .
1971 183 2110 272 .'77

86 281 161 325 fide
177 283 267 326 data
282 281 534 336 receptaque,
564 283 675 326 suafit
695 283 855 327 Valenti
874 280 1103 325 Constanti·
1146 285 1246 324 ciam
1257 284 1568 335 populabantur,
1580 286 1722 337 oppida
1733 296 1994 335 occupantes,
2022 287 2169 338 &quoss

87 335 242 385 nopolis
259 334 395 376 Praesul
427 335 595 379 Arianus
616 337 813 378 Eudoxius
831 361 845 382 5
875 349 956 374 non
989 332 1104 374 aliter
1147 349 1302 387 cunque
1328 338 1583 380 excurrebant
1609 366 1623 384 ,
1654 352 1842 380 terrorem
1864 338 2169 390 vastitatemque

83 385 208 427 foedus
242 387 376 429 stabile
395 387 1104 440 forenifigensillaeamdemcumIm·
1147 386 1227 427 late
1260 388 1580 431 circumferebant
1603 420 1613 430 .
1636 393 1696 432 'In
1732 391 1951 433 Occidente
1976 390 2070 432 vcro
2109 404 2168 441 ty-

82 451 264 488 peratore
277 441 343 480 reli
373 443 526 488 ionem,
555 436 1101 490 eademquesacrasusciperet.
1145 450 1290 480 rannus
1319 441 1514 481 Maximus
1535 444 1574 482 in
1602 445 1817 492 Britanniis
1835 443 1857 482 a
1875 445 2069 492 corruptis
2097 456 2164 483 au-

152 493 282 532 ocirca
309 454 371 532 usi5
382 490 468 532 sunt
489 506 609 541 opera
626 491 792 541 Ulphilae
818 490 1042 531 Gothorum
1053 490 1100 528 E·
1144 505 1189 530 ro
1223 490 1441 543 legionibus
1480 494 1698 541 Imperator
1733 493 1999 544 proclamatus
2017 518 2034 542 5
2066 494 2161 535 Gal-

126 505 149 531 u

80 492 507 593 &copiasecorrupm
534 547 676 595 quieos
687 543 829 593 pridem
841 540 1099 582 orthodoxos
1142 541 1234 582 liam
1262 556 1423 594 quoque
1449 549 1656 594 occupavit
1685 571 1699 594 5
1737 548 1910 596 novique
1940 545 2062 588 sedem
2090 547 2163 587 Im-

5 1994 8 2032 Ξ
38 1992 196 2036 ,Valens
222 1991 357 2044 sagitta
380 1989 555 2033 confixus
576 2016 591 2038 5
630 2004 749 2043 quum

9 2882 14 2906 i

9 2907 16 3035 ἱ

80 595 131 636 ‘ad
142 594 329 636 Arianam
346 599 607 644 impietatem,
634 596 770 643 utpote
792 594 900 634 rudes
914 591 1100 633 &barba·
1140 597 1234 641 perii
1269 597 1438 646 Treviris
1474 593 1559 637 fixit
1590 626 1600 636 .

1646 598 1856 638 Gratianus
1893 595 2160 639 Theodosium

78 660 168 695 ros,
196 648 299 688 haud
315 649 411 699 aegre
421 649 610 694 traduxit,
638 645 931 687 connitentibus
951 643 1057 685 miffis
1074 643 1096 685 ὲ
1139 644 1350 695 Hispanum
1380 650 1419 686 in
1434 652 1752 690 communionem
1777 646 1969 697 affumpfit
1987 651 2159 698 Imperii,

80 698 250 742 Valente
266 700 421 750 Legatis
436 728 446 738 .
473 699 602 741 Antea
621 698 711 738 vero
722 695 878 738 Gothos
903 696 1094 736 illibatam

81 749 240 792 tenuisse
281 751 530 795 Catholicam
560 749 699 793 fidem,
729 746 866 789 diserte
900 744 1094 797 affirmant

78 800 314 853 Augustinus
347 803 418 842 lib.
452 806 508 843 18.
529 802 574 842 de
599 802 721 842 Civit.
750 802 825 841 Dei
845 812 926 849 cap·
967 810 1024 848 32.
1053 802 1093 840 δε

77 852 342 895 Theodoritus
365 853 449 894 libr.
470 866 506 904 4.
524 852 605 893 hist.
625 847 768 894 Eccles.
785 866 870 901 cap.
891 851 964 891 ult.
995 850 1092 891 Hal-

77 903 276 947 lucinatur
299 919 392 957 ergo
413 908 650 947 Sozomenus
668 929 684 952 5
728 904 818 954 dum
842 900 971 944 scribit
1001 902 1090 943 libr.

73 963 112 998 6.
136 972 222 1008 cap.
243 969 302 1008 37.
316 956 514 1007 Ulphilam
538 955 703 1004 primum
723 955 882 997 Gothos
894 956 943 996 ab
961 954 1089 996 idolo-

72 1022 159 1050 rum
185 1010 297 1051 cultu
323 1009 372 1049 ad
399 1007 657 1050 Christianam
686 1005 953 1057 profeffionem
994 1021 1090 1048 con-

69 1058 242 1103 vertisse.

130 1124 191 1164 33.
217 1115 280 1155 Sic
291 1115 407 1163 igitur
430 1111 583 1160 Gothi,
622 1107 1089 1159 initoeumValentefoe-

71 1164 183 1212 dere,
210 1165 418 1206 illudidern
438 1165 540 1205 brevi
558 1161 814 1216 infregerunt„
846 1166 915 1205 Per
934 1161 1087 1205 eosdem

68 1219 173 1258 enim
182 1228 280 1267 quos
297 1215 362 1257 fibi
375 1216 613 1258 fidissimos&
634 1214 902 1257 addistiffimos
913 1214 995 1257 fore
1012 1218 1088 1256 Va-

63 1267 148 1309 lens
165 1266 410 1316 confidebat,
438 1268 571 1309 divina
587 1268 687 1308 ultio
697 1267 858 1317 parabat
876 1268 998 1308 eidem
1008 1269 1084 1307 exi-

63 1322 160 1360 tium
170 1344 185 1367 5
215 1334 237 1359 a
248 1332 329 1371 quo
340 1331 542 1369 tantopere
551 1320 676 1361 iuerat
689 1317 863 1360 adversus
876 1318 1086 1361 Ecclesiam

61 1369 230 1413 saevitum
241 1399 251 1411 .
279 1374 486 1413 Enimvero
498 1385 579 1422 quo
589 1372 725 1413 eodem
735 1383 910 1420 tempore
923 1372 1031 1412 Deus
1042 1371 1086 1410 il-

62 1423 217 1465 lustrem
242 1425 446 1464 victoriam
480 1426 678 1466 Gratiano
709 1421 979 1474 religiosissimo
1007 1423 1086 1462 Ro-

61 1486 266 1520 manorum
283 1477 386 1525 apud
405 1473 595 1517 occasum
628 1478 855 1525 Imperatori
876 1499 894 1523 5
921 1475 968 1516 de
994 1474 1085 1515 Ale-

57 1530 210 1571 mannis
227 1528 501 1570 rebellantibu»
529 1527 682 1568 indul-fit
706 1552 721 1575 5
751 1527 868 1568 alteri
885 1527 1085 1569 Romano-

57 1581 418 1627 tumOrientalium
435 1577 580 1630 perfido
590 1581 817 1628 Imperatori
833 1577 1084 1630 gravissimam

56 1630 193 1673 intulit
213 1630 362 1674 cladem
384 1635 656 1681 acperniciem
677 1633 698 1671 a
719 1631 905 1681 perduelli
924 1629 1084 1672 Gotho-

55 1694 142 1723 rum
159 1696 275 1734 gente
291 1709 305 1731 5
335 1687 405 1735 qui
432 1683 454 1724 a
472 1681 618 1724 sedibus
635 1683 701 1725 fibi
717 1680 945 1733 praescriptis
973 1681 1081 1723 exili-

54 1748 191 1780 entes,
219 1749 340 1786 quum
363 1738 402 1776 in
423 1736 611 1775 ditionem
629 1734 808 1776 Valentis
826 1733 1080 1784 praedabundi

55 1784 262 1836 erupissent
286 1811 302 1834 5
339 1786 443 1827 hunc
469 1788 691 1835 compulere
727 1801 767 1828 ut
799 1787 957 1828 obviam
986 1799 1074 1826 cuin

52 1841 227 1879 exercitu
246 1837 420 1880 adversus
429 1852 496 1878 eos
512 1835 720 1889 grassantes
744 1852 982 1880 occurreret.-
1010 1832 1072 1879 sed

52 1903 196 1940 magna
219 1890 338 1940 strage
355 1888 436 1929 caefi
456 1889 479 1932 ὲ
508 1888 656 1930 Gothis
686 1891 854 1930 Romani
880 1893 921 1930 in
942 1889 1072 1942 fugam

50 1953 255 1982 vertuntur
271 1942 321 1981 ad
342 1941 672 1988 Hadrianopolim
695 1942 889 1989 Thraciae,
917 1939 1072 1993 ipseque

790 2006 866 2041 prae
903 1994 1071 2037 vulneris

48 2043 189 2087 dolote
209 2042 368 2086 ulterius
399 2041 527 2095 sugere
546 2058 628 2084 non
657 2043 780 2095 poffet
797 2070 811 2092 5
841 2044 876 2085 se
897 2049 937 2086 in
961 2060 1070 2098 tugu-

48 2099 148 2139 rium
167 2095 316 2138 abdidit
338 2120 354 2143 5
382 2097 423 2136 in
445 2108 525 2146 quo
548 2098 654 2137 vivus
674 2096 752 2138 una
768 2111 857 2138 cum
877 2103 1031 2150 tugurio
1051 2125 1066 2147 5

46 2147 376 2243 {superveniente
399 2147 508 2190 hoste
524 2148 670 2197 iniecssto
689 2150 777 2200 igne
793 2168 809 2197 5
836 2147 947 2193 miser
974 2166 1067 2195 con-

146 2213 246 2242 aVlt·
396 2230 399 2233 ·

101 2214 163 2304 gart.
193 2253 359 2294 Cladem
381 2252 481 2293 adeo
502 2242 687 2296 funestam
707 2255 853 2298 Valens
869 2253 1064 2304 evitasset,

47 2305 77 2347 si
91 2319 199 2347 mens
227 2319 309 2358 non
329 2305 424 2345 l-aeva
453 2302 577 2347 fuisset
594 2331 609 2354 5
636 2306 700 2348 sed
718 2321 802 2348 eam
820 2306 886 2348 fibi
910 2307 1063 2349 accersi-

49 2361 134 2405 vit,
159 2370 243 2398 tum
261 2360 331 2398 iuis
349 2371 426 2409 qne
445 2355 695 2407 precesserant
704 2359 951 2407 criminibus,
981 2374 1063 2402 tum

47 2406 223 2472 praesenti
234 2412 449 2453 temeritate
461 2435 471 2447 .
485 2409 699 2452 Gratianus
709 2414 810 2452 enim
822 2409 884 2451 Au
913 2411 1012 2453 ustus
1028 2429 1064 2454 e-

45 2476 103 2511 ius
123 2475 171 2502 ex
187 2459 305 2503 fratre
324 2474 444 2510 nepos
462 2459 638 2502 celeriter
656 2461 858 2503 debellatis
890 2464 977 2505 elici
1005 2465 1054 2506 ad

46 2512 227 2555 Rhenum
244 2511 442 2564 congressu
462 2509 716 2562 Alemannis,
744 2529 831 2556 cum
842 2516 1061 2559 victricibus

43 2568 167 2616 copiis
183 2568 329 2617 magnis
339 2562 534 2606 itineribus
550 2566 599 2607 ad
618 2565 823 2607 Valentem
850 2569 1062 2612 contende-

44 2618 150 2667 bat,
176 2630 220 2659 ut
248 2617 466 2664 conjunctis
484 2617 626 2658 viribus
657 2617 782 2660 Gothi
808 2618 1060 2672 profligaren-

43 2682 107 2712 tur
125 2688 136 2709 .-
164 2667 226 2712 sed
245 2668 492 2711 aemulatione
508 2668 640 2719 glotiae
658 2671 909 2723 invidiaeque,
939 2686 980 2713 ut
1002 2672 1058 2714 so-

43 2722 72 2764 li
91 2720 159 2762 sibi
177 2722 351 2762 vidioriae
367 2733 485 2771 quam
503 2720 774 2771 praesumebat,
801 2723 882 2765 laus
899 2724 1058 2769 ascribe-

42 2786 145 2816 retur
162 2798 176 2820 5
206 2773 312 2814 istam
339 2773 531 2813 celerrime
547 2778 729 2823 praevenit
757 2775 903 2818 Valens
927 2781 1057 2828 copia-

41 2836 126 2869 nim
141 2825 379 2875 junffionem
396 2849 411 2871 5
440 2837 482 2865 ut
501 2823 602 2866 solus
625 2826 906 2875 cumlssarbaris
921 2832 1056 2871 confli-

48 2890 152 2930 geret
170 2908 179 2917 .
208 2875 426 2918 Peliciffime
442 2889 572 2918 autem
602 2879 815 2921 Gratianus
835 2881 1055 2924 Alemanni-

44 2939 131 2970 cum
149 2927 294 2970 bellum
311 2928 554 2974 confeceram
582 2933 780 2983 primaque
791 2936 874 2974 acie
891 2935 1053 2985 quadra·

43 2983 151 3032 ginta
163 2981 419 3022 Barbarorum
439 2982 560 3021 millia
577 2981 668 3031 caesa
686 2983 1053 3036 interfedhiquefue-

44 3044 155 3080 rant,
179 3033 516 3084 eorumquecastra
533 3034 699 3083 direpta.
727 3036 821 3077 Sola
831 3036 1052 3086 supererant

50 3079 352 3125 Alamannorum
381 3089 555 3137 quinque
584 3086 703 3128 millia
734 3113 748 3134 5
788 3102 864 3140 que
892 3090 1052 3142 stragem

44 3131 363 3195 suga-evaserant,
392 3137 452 3178 sed
474 3138 625 3179 victore
647 3136 935 3188 superveniente
953 3146 1051 3185 Gra-

1137 711 1245 738 anno
1257 706 1342 749 379.
1353 700 1550 740 Maximus
1573 714 1762 750 tyrannus
1778 713 1844 748 per
1854 699 2157 752 Andragathuin

1135 749 1515 791 ducemGratianum
1542 752 1720 802 Lugduni
1737 755 1992 800 interceptum
2020 755 2158 794 intem-

1134 805 1240 842 rimit
1268 816 1376 843 anno
1407 804 1493 852 383.
1530 801 1718 855 simulque
1743 803 1898 845 Italiam
1927 802 2152 852 improvisus

1133 854 1309 901 invadit,
1337 852 1430 895 diffu
1461 858 1564 894 iente
1580 869 1668 894 cum
1691 869 1815 896 matre
1830 856 1976 904 Justina
1998 854 2155 897 Arianae

1132 903 1239 946 seetae
1255 906 1410 947 addicta
1441 918 1541 947 ratre
1555 908 1737 947 Gratiani
1751 908 2051 954 ValentinianO.
2080 908 2155 950 Sed

1129 964 1315 999 accurens
1358 957 1739 1008 Theodofiiisianno„
1758 961 1843 1008 388.
1871 962 2088 1000 Maximum
2112 975 2151 1000 a·

1129 1010 1206 1058 pud
1228 1009 1451 1061 Aquileiam
1478 1014 1562 1050 acie
1587 1008 1805 1059 superatum
1832 1013 1980 1053 occidit
1999 1037 2014 1060 5
2043 1015 2152 1061 cujus

1129 1060 1230 1101 filins
1251 1065 1410 1102 nomine
1427 1064 1566 1103 vietor
1581 1062 1630 1103 ab
1648 1061 1859 1114 Arbogaste
1876 1064 2038 1106 comite
2055 1068 2154 1113 pari-

1130 1121 1189 1154 ter
1217 1113 1364 1155 occisus
1393 1113 1445 1156 est
1467 1140 1477 1151 -
1507 1114 1798 1167 Andragathius
1824 1115 1917 1156 vero
1946 1115 2056 1158 rebus
2083 1114 2156 1158 suis

1127 1163 1331 1214 desperatis
1344 1165 1378 1207 se
1396 1169 1435 1206 in
1453 1180 1555 1206 mare
1576 1170 1806 1216 praecipitem
1825 1167 1931 1208 dedit
1943 1167 2149 1211 .Theod0.

1127 1215 1197 1258 fius
1226 1218 1550 1260 Valentinianum
1571 1217 1775 1269 profugum
1803 1222 1843 1259 in
1862 1221 2065 1268 imperium
2092 1234 2147 1261 re-

1126 1269 1248 1311 stituit
1267 1294 1281 1317 5
1310 1270 1598 1321 abductamque
1626 1271 1676 1310 ab
1700 1269 1825 1311 haerefi
1842 1269 1989 1311 Ariana
2007 1296 2023 1319 5
2050 1286 2141 1313 cum

1128 1321 1359 1369 Ambrosio,
1387 1334 1502 1373 quem
1530 1336 1690 1374 urgente
1716 1327 1755 1363 δε
1783 1322 1990 1372 instigante
2018 1337 2143 1366 matre

1125 1388 1332 1415 vexaverat
1348 1399 1363 1421 5
1393 1373 1661 1415 reconciliavit
1680 1403 1689 1413 .

1179 1433 1239 1476 36.
1273 1427 1414 1468 Novus
1449 1427 1568 1470 etiam
1602 1423 1778 1468 adversus
1813 1427 2139 1470 Valentinianum

1124 1491 1316 1528 tyrannus
1339 1475 1542 1519 insurrexit
1570 1479 1766 1528 Eugenius
1790 1503 1806 1526 5
1835 1478 2044 1530 Arbogasti
2071 1495 2137 1521 co-

1124 1533 1226 1570 mitis
1245 1532 1423 1577 potentia
1439 1528 1576 1571 fretus:
1598 1530 1647 1571 ab
1671 1529 1750 1571 hoc
1771 1530 2073 1573 Valentinianus
2084 1536 2139 1572 in-

1124 1593 1317 1630 terceptus
1334 1584 1492 1624 Viennae
1507 1586 1547 1622 in
1566 1583 1701 1624 Gallia
1716 1586 1916 1630 perimitur
1932 1599 2043 1625 anno
2056 1586 2139 1631 382.

1124 1632 1363 1674 Theodosius
1387 1634 1548 1684 Eugenii
1567 1638 1700 1683 copias
1717 1637 1800 1676 acie
1820 1637 1936 1680 vicit,
1965 1649 2138 1684 captum-

1123 1699 1199 1737 que
1228 1700 1439 1735 tyrannum
1468 1685 1609 1727 ultimo
1638 1684 1823 1737 supplicio
1851 1687 2000 1729 addixit
2020 1717 2031 1727 .
2068 1688 2140 1729 Ar-

1121 1736 1297 1789 bogastus
1326 1735 1553 1777 interfector
1578 1738 1846 1782 Valentiniani
1876 1748 2041 1781 mort’em
2069 1739 2136 1782 fibi

1119 1788 1308 1832 conscivit
1328 1818 1339 1828 .
1376 1788 1616 1830 Theodosius
1638 1815 1652 1837 5
1681 1804 1824 1838 pacato
1849 1790 2054 1834 illustribus
2083 1796 2136 1833 vi-

1117 1842 1251 1883 &oriis
1279 1843 1444 1890 Imperio
1465 1866 1480 1889 5
1510 1841 1730 1884 Mediolani
1758 1842 1858 1883 diem
1888 1842 1985 1883 obiit
2012 1858 2137 1886 extre-

1118 1908 1222 1934 mum
1244 1908 1353 1936 anno
1384 1905 1469 1945 395.
1499 1897 1678 1945 Princeps
1705 1897 1820 1936 armis
1839 1921 1853 1944 5
1882 1896 2052 1946 justitia,
2081 1913 2136 1939 re-

1115 1945 1333 1998 ligionique
1350 1945 1522 1996 inclytus
1542 1976 1551 1987 .
1578 1950 1655 1990 Hic
1677 1949 1873 1998 ademptas
1892 1948 2048 1991 Arianis
2064 1952 2131 1994 Ec.

1115 1996 1245 2040 clesias
1275 1998 1495 2041 Catholicis
1522 2001 1672 2054 addixit
1701 2020 1713 2041 .·
1748 2003 1927 2053 idemque
1955 2001 2132 2045 adversus

1110 2050 1367 2103 quascumque
1390 2049 1542 2094 liaereses
1556 2054 1798 2095 ianecionem
1817 2056 1961 2102 edidit,
1989 2052 2128 2097 solam-

1108 2116 1185 2154 que
1213 2103 1392 2145 obtinere
1419 2103 1514 2152 juffit
1540 2105 1779 2147 catholicam
1807 2105 1921 2148 fidem
1949 2134 1964 2156 5
1995 2122 2123 2160 (μυῖαι

1106 2156 1240 2197 Romae
1261 2154 1447 2197 Damasus
1469 2156 1651 2198 POntifex
1668 2159 1846 2200 tenebat.
1875 2161 1953 2201 Sub
1967 2165 2043 2210 ejus
2054 2165 2126 2202 lin-

1105 2211 1214 2256 perio
1223 2208 1416 2250 celebrata
1428 2209 1482 2249 est
1490 2215 1733 2251 oecumenica
1742 2213 1921 2262 Synodus
1930 2239 1944 2259 5
1962 2226 2046 2265 quae
2057 2214 2123 2254 da·

1108 2274 1247 2302 innato
1270 2261 1714 2312 Macedoniidogmate,
1744 2268 1905 2311 Spiritus
1923 2263 2044 2305 sanciti
2064 2266 2123 2307 di-

1104 2315 1306 2352 vinitatem
1333 2326 1451 2352 unam
1479 2314 1730 2364 eamdemque
1756 2315 1853 2355 cum
1866 2318 1979 2357 Patre
2007 2318 2121 2359 Filio-

1102 2377 1179 2414 que
1188 2360 1354 2410 asseruit,
1364 2379 1474 2404 anno
1490 2367 1532 2410 38
1543 2380 1572 2404 i.
1591 2365 1655 2405 sub
1667 2364 1838 2406 Damaso
1851 2370 2013 2410 Summo
2025 2372 2126 2413 Pon.

1103 2414 1228 2457 t‘ifice.
1257 2416 1484 2457 Concilium
1495 2417 1591 2457 istud
1603 2418 1758 2468 quidem
1769 2417 1920 2460 laudem
1930 2424 2067 2463 meruit
2081 2426 2121 2463 in

1102 2468 1344 2509 decernenda
1361 2465 1448 2508 fidei
1469 2473 1650 2509 veritate:
1678 2459 1864 2521 finiulque
1888 2475 2121 2522 vituperium

1101 2523 1194 2570 quia
1221 2519 1454 2569 praevalente
1482 2524 1522 2560 in
1552 2521 1829 2563 illoTimothei
1859 2524 2119 2568 Alexandrini

1098 2571 1295 2619 factione,
1324 2571 1492 2611 immensi
1523 2576 1644 2613 virum
1665 2577 1790 2614 meriti
1820 2577 2052 2629 Gregorium
2070 2581 2118 2620 E-

1098 2621 1298 2672 piscopatu
1315 2627 1422 2674 regiae
1444 2625 1560 2665 Urbis
1577 2626 1710 2673 dejecit
1729 2643 1738 2664 ε
1763 2629 1804 2668 &
1820 2632 1912 2679 quia
1930 2628 2119 2671 defundito

1098 2679 1139 2716 in
1162 2691 1207 2717 ea
1224 2678 1389 2726 Synodo
1409 2677 1576 2717 Meletio
1595 2678 1854 2720 Antiocheno
1871 2706 1886 2729 5
1913 2696 2001 2723 cum
2026 2681 2115 2722 fuis-

1097 2727 1150 2768 set
1166 2741 1283 2769 antea
1305 2729 1454 2786 Synodi
1475 2726 1750 2771 Alexandrinae
1778 2736 1840 2773 cui
1857 2747 2018 2783 magnus
2032 2747 2114 2786 pre-

1098 2779 1243 2821 sederat
1264 2778 1524 2828 Athanasius2
1552 2783 1708 2824 decreto
1727 2781 1993 2833 sapientiiiime
2020 2801 2114 2828 con-

1095 2832 1296 2880 stitutum,
1326 2846 1367 2873 ut
1386 2837 1457 2884 qui.
1480 2847 1528 2874 ex
1544 2835 1694 2874 duobus
1720 2835 1939 2886 digniffimis
1969 2837 2112 2879 Antio-

1093 2885 1226 2926 chenae
1255 2885 1428 2926 Ecclefiae
1454 2884 1708 2926 Pontificibus
1734 2888 1900 2928 Meletio
1921 2892 1959 2930 ὅ(
1985 2892 2113 2931 Pauli-

1093 2939 1266 2985 no‘prior
1283 2947 1496 2978 moreretur
1516 2962 1531 2985 5
1559 2953 1641 2977 non
1659 2939 1778 2979 alium
1797 2939 1956 2981 haberet
1975 2940 2115 2985 succes-

1087 2987 1220 3029 ·sorem
1239 2988 1355 3039 quam
1384 2990 1548 3029 alterum
1569 2990 1591 3030 ὲ
1611 2990 1761 3031 duobus
1782 2992 1958 3033 relietum
1986 2991 2112 3043 super-

1092 3043 1215 3081 stitem
1226 3066 1240 3088 5
1270 3042 1386 3091 idque
1399 3040 1587 3082 Damasus
1599 3042 1797 3084 Romanus
1806 3045 2020 3085 Hierarcha
2029 3072 2044 3094 5
2062 3060 2107 3089 ut

1091 3092 1264 3134 finiretur
1275 3091 1432 3144 schisma
1442 3119 1456 3140 5
1473 3106 1691 3144 perurgeret
1701 3120 1715 3142 5
1727 3094 2010 3149 Gregoriusque
2025 3102 2108 3141 Na-

1092 3149 1301 3186 zianzenus
1311 3170 1325 3193 5
1355 3159 1470 3197 quem
1498 3161 1590 3186 mox
1611 3148 1677 3186 ista
1706 3147 1886 3197 Synodus
1904 3149 2105 3201 deposuit„

1091 3200 1221 3238 Patres
1241 3197 1290 3238 ad
1310 3197 1566 3246 hocimpense
1585 3198 1828 3244 hortaretur3
1856 3202 2103 3248 aemulatione

1092 3263 1222 3290 tamen
1244 3247 1400 3290 Damasi
1425 3253 1464 3290 ὃς
1491 3251 1720 3291 Latinorum
1745 3256 1946 3293 concitata
1965 3256 2102 3298 Graeca

28 3188 144 3226 ,tiam
185 3191 351 3229 exercitu
388 3214 403 3237 5
452 3189 608 3238 abjectis
646 3196 758 3233 armis
800 3191 853 3234 sui
889 3194 1050 3236 deditio-

12 3243 17 3308 ᾗ
47 3250 135 3278 nem
159 3234 275 3280 fecer'e
292 3263 308 3288 5
335 3254 378 3283 ut
400 3239 631 3283 Ammianus
666 3245 919 3288 Marcellinus
944 3260 1048 3289 com-

14 3315 18 3360 'i
40 3301 229 3330 memorat
245 3317 255 3329 .
409 3345 425 3348 Ὗ
1089 3302 1289 3352 3γηοάιις5
1304 3303 1665 3342 nialuitcontinuari
1677 3301 1856 3352 schisma,
1882 3305 1998 3356 quam
2010 3309 2106 3348 Pau-

24 3399 26 3401 .
95 3353 156 3389 35.
181 3340 341 3382 Mortuo
356 3341 434 3403 sine
454 3346 586 3388 liberis
607 3348 775 3390 Valente
794 3374 809 3397 5
839 3349 947 3401 hujus
968 3351 1045 3394 suc·
1087 3355 1208 3394 linum
1219 3353 1380 3394 Meletio
1390 3352 1584 3404 subrogari
1599 3381 1609 3393 .
1629 3355 1769 3405 Itaque
1790 3369 1831 3396 ut
1842 3357 2041 3408 Synodica
2050 3365 2104 3405 O,-

13 3362 155 3451 'ceffio
176 3391 225 3432 ad
254 3392 481 3452 Gratianum
508 3400 692 3442 devoluta
720 3401 772 3443 est
798 3427 812 3450 5
840 3416 958 3455 atque
987 3409 1043 3446 ita
1089 3406 1309 3446 rientalium
1338 3407 1386 3447 ad
1398 3404 1607 3447 Damasum
1634 3407 1795 3448 caeteros
1821 3422 1868 3450 ue
1894 3407 2100 3457 Antistites

14 3444 117 3517 'duo
145 3457 303 3503 imperia
322 3458 362 3485 in
389 3453 703 3513 unum-coaluere
725 3472 740 3500 ,ν
767 3451 828 3494 sed
857 3460 966 3497 novis
986 3456 1042 3498 su·
1084 3458 1216 3498 Roniae
1231 3472 1488 3510 congregatos
1499 3457 1780 3507 epistolafidem
1805 3464 2098 3512 acit28ynodus

14 3520 19 3611 Ι
35 3494 345 3546 pervenientibus
371 3497 480 3541 bellis
506 3515 643 3546 iterum
670 3503 786 3546 divisa
815 3505 901 3548 sunt
920 3536 930 3547 .
959 3510 1041 3550 Go-
1081 3510 1530 3558 Constantinopolitana
1558 3509 1741 3552 defuneto
1769 3513 1933 3554 Meletio
1952 3513 2096 3563 Antio,

33 3546 91 3595 tbi
116 3550 220 3590 enirn
231 3547 394 3590 victoria
422 3559 563 3598 recenti
579 3555 874 3611 insolescentes,
915 3561 1039 3604 Thra·
1086 3561 1215 3604 cheno
1231 3561 1390 3604 Praesule
1410 3564 1646 3657 Flavianum}
1652 3563 1741 3614 eligi
1758 3580 1805 3607 ac
1824 3563 2032 3661 sufficisigus
2052 3572 2094 3614 in

16 3618 18 3627 “
1631 3660 1634 3662 .
1700 3627 1720 3667 3
1943 3631 1964 3658 e
1992 3631 2054 3665 em.

2168 3509 2185 3517 ›-

16 3677 19 3757 ᾖ

17 3824 20 3888 ἓ
