2430 3958
671 123 1049 207 Historica
1111 122 1477 237 SynopfiS.

1945 144 2083 233 15'5

140 261 162 286 ·2
173 260 203 286 1.
228 245 307 291 Sub
334 241 411 283 hoe
431 255 540 282 novo
550 242 715 291 Imperio
727 238 942 289 Catholica
957 232 1048 280 fides
1059 235 1106 282 de
1144 237 1237 288 phei
1254 242 1293 280 in
1310 231 1531 295 baptisterio
1550 211 1817 287 trucidarunt,
1843 236 2062 294 postquem*
2076 238 2152 279 Ca-

85 295 334 348 ‘Eutychiana
349 292 510 349 perfidia
525 293 698 345 gloriose
723 290 980 347 triumphavit
997 314 1014 339 .,
1041 288 1105 329 ad-

86 348 304 391 nitentibus
318 361 409 387 cum
426 347 558 393 Leone
586 343 778 394 Pontifice
790 345 997 389 Marciano
1019 340 1101 382 Pul.

86 401 295 452 eheriaque
307 399 507 451 Augustis.
528 401 598 442 His
616 397 735 439 tribus
752 395 871 439 visum
890 395 944 439 est
979 391 1100 436 Chal-

80 454 234 500 cedone
262 452 565 497 convocandum
610 448 681 492 effe
727 447 906 502 generale
951 448 1102 490 Conci-

84 505 206 554 lium,
233 504 477 565 quodamna
497 504 790 550 Latrocinantis
806 503 938 545 omnia
950 496 1102 542 resarci-

85 568 238 598 rentur.
265 558 402 608 Itaque
421 555 683 599 Chalcedone
707 556 955 596 oecumenica
973 552 1099 601 Syno-

83 610 156 651 dus
171 620 398 653 convocata
414 608 467 649 est
478 608 744 652 sexcentorum
761 606 921 654 triginta
942 605 1098 644 Parrum

79 675 194 703 anno
210 673 301 713 451.
314 659 529 707 interfuere
554 661 698 707 Leonis
719 659 829 707 Papae
854 656 993 707 Legati
1014 653 1099 698 Pas-

82 711 260 754 chafinus
290 709 546 764 Lilybetanus
573 737 590 760 ,
623 710 868 761 aliiquetres
889 732 905 755 ,
942 704 1097 760 ipseque

83 762 300 811 Dioscorus
330 794 340 804 .
379 763 544 806 Adfuere
566 765 787 805 Marcianus
814 762 853 800 &
891 758 1097 806 Pulcheria

80 830 172 857 cum
189 818 339 858 Senatu
356 820 398 861 in
425 814 575 864 templo
601 814 750 863 Virgini
777 813 995 865 &Martyri
1023 812 1098 855 Eu·

78 868 243 918 phemiae
267 868 472 913 dedicato.
499 868 754 912 Latrocinans
772 863 824 905 ibi
841 862 1096 907 Conciliabu-

0 959 1 967 ,
72 921 162 964 4Ιιιιιῑ
186 923 365 963 meritam
399 921 692 964 damnationem
714 918 865 965 accepit
893 915 970 957 una
1006 929 1096 958 cum

78 971 359 1022 Eutychete&
376 969 592 1018 Dioscoro.
618 971 797 1012 Flaviani
817 970 1006 1010 memoria
1028 967 1095 1007 ho-

83 1020 244 1066 norifice
265 1022 338 1065 fuit
356 1022 548 1071 restituta·
575 1021 788 1066 Dioscorus
805 1022 1007 1072 Gangram
1027 1022 1096 1061 Pa-

83 1075 180 1125 phla
207 1080 308 1117 oniae
326 1075 515 1132 relegatus
531 1099 547 1123 ,
572 1078 680 1122 cujus
700 1075 741 1115 in
757 1071 882 1116 sedem
904 1074 1096 1115 Proterius

85 1128 139 1168 est
185 1127 398 1178 ubtogatus
438 1156 450 1166 .
475 1125 766 1168 Alexandrinos
802 1137 874 1174 pro
902 1121 1097 1169 Dioscoro

83 1178 365 1222 tumultuantes
382 1180 606 1224 Marcianus
617 1177 731 1222 facile
754 1174 992 1226 compescuit

127 1246 189 1271 22.
210 1229 419 1282 Postquam
439 1232 605 1282 Gangrae
613 1242 791 1273 mortuus
803 1228 858 1271 est
868 1227 1095 1276 Dioscorus,

75 1280 336 1327 Alexandrini
357 1282 489 1324 denuo
519 1286 559 1324 in
589 1281 815 1324 seditionem
851 1279 946 1323 verfi
973 1279 1094 1328 sunt,

70 1334 366 1380 concitantibus
385 1334 574 1382 haereticis
592 1333 822 1381 monachis,
850 1334 1014 1375 duotore
1031 1335 1092 1376 Ti-

70 1386 237 1429 motheo
252 1386 362 1432 ἀίἂο
384 1386 534 1431 AEluto
560 1386 759 1430 monacho
792 1384 902 1427 simul
928 1388 970 1426 ὃς
999 1379 1096 1427 Pres-

73 1438 216 1489 bytero
239 1463 257 1487 ,
284 1442 355 1490 qui
374 1442 486 1480 armis
511 1441 552 1480 &
568 1441 606 1479 vi
623 1452 759 1489 aperta
774 1437 900 1483 sedem
923 1450 1094 1488 occupat

75 1488 341 1540 Episcopalem
351 1508 367 1539 ,
395 1489 641 1536 Paschalibus
651 1490 783 1534 diebus
792 1516 807 1540 ,
817 1490 1029 1534 deturbato
1038 1504 1095 1530 in·

78 1543 126 1583 de
138 1545 315 1588 Proterio
325 1557 434 1589 anno
442 1543 688 1595 457-duobus
696 1545 717 1583 ἐι
728 1545 919 1585 Marciani
933 1540 1094 1592 Augusti

16 1606 20 1611 ·
70 1594 184 1635 obitu
194 1594 383 1638 mensibus
393 1593 738 1643 elapfis.1>r0terius
749 1593 898 1650 fugiens
910 1598 1015 1635 intra
1029 1593 1093 1633 ba„

71 1646 287 1698 pristerium
296 1645 521 1694 confoditur
531 1676 541 1687 .
552 1645 608 1691 At
618 1651 826 1700 praecipuos
839 1645 948 1695 huius
961 1644 1093 1687 facino

69 1712 130 1740 res
143 1712 298 1741 autores
315 1701 396 1741 Leo
409 1702 643 1748 Imperator,
657 1703 723 1752 qui
738 1701 946 1740 Marciano
958 1694 1095 1739 succes-

70 1748 145 1799 fit,
166 1750 383 1802 linguarum
396 1749 617 1802 absciffione
628 1754 780 1800 punivit
785 1763 803 1799 ;
836 1750 1093 1792 Timotheum

66 1803 447 1854 vero‘Epiicoporum
457 1804 596 1853 judicio
610 1802 834 1851 reservavit,
854 1802 915 1847 sed
934 1814 1093 1854 urgente

66 1854 224 1895 demum
237 1855 368 1896 Romae
384 1854 575 1897 Pontifice
586 1857 746 1902 Leone,
774 1857 990 1904 Imperator
1009 1855 1093 1895 Leo

67 1907 273 1962 Gangram
291 1906 460 1957 primum
485 1931 500 1954 ,
527 1907 666 1948 deinde
690 1901 937 1950 Chersonam
966 1909 1095 1951 Timo-

66 1956 209 2002 theum
223 1958 426 2008 relegavit.
633 1979 635 1981 ·
708 2003 711 2006 Α

117 2021 180 2058 ης
205 2007 341 2055 Iisdem
357 2009 595 2060 temporibus
619 2009 746 2053 altera
768 2011 819 2052 ab
832 2011 1090 2063 Eutychianis

10 2107 12 2109 a
66 2057 204 2104 seditio
223 2075 335 2105 mota
360 2061 415 2102 est
441 2065 482 2104 in
502 2059 756 2108 Antiochena
789 2063 886 2104 urbe
922 2063 945 2105 ὲ
974 2066 1094 2105 Petro

13 2123 15 2129 ¹
64 2114 264 2162 Cnapheo
282 2113 343 2154 seu
361 2114 527 2155 Fullone
561 2114 743 2157 adversus
768 2113 934 2164 ejusdem
962 2115 1095 2159 Eccle-

64 2164 125 2208 fiae
147 2165 373 2210 Antistitem
397 2168 655 2218 Martyrium5
681 2171 787 2216 cujus
806 2167 873 2210 ille
898 2166 1094 2211 sedemin-

12 2235 16 2263 2
68 2216 185 2260 vafit.
211 2220 423 2269 Martyrius
449 2219 580 2260 cedere
607 2220 768 2262 coaestus
797 2219 877 2262 haec
901 2221 986 2262 alte
1007 2233 1093 2271 pto-

65 2270 227 2311 testatu's
253 2270 307 2312 est
325 2288 336 2310 ε
363 2273 532 2314 Renuncio
549 2272 691 2364 Ecclgsae
713 2283 868 2324 corrupta
886 2297 902 2320 ,
928 2273 1016 2313 clero
1031 2269 1092 2309 im-

65 2321 255 2377 morigero,
268 2321 423 2379 plebique
442 2322 562 2362 rebelli
586 2352 598 2363 .
654 2334 757 2368 etrus
786 2324 901 2367 Fullo
918 2321 1093 2366 Ecclefiae

66 2373 173 2414 illius
204 2373 356 2415 invasor
394 2373 561 2417 haerefim
613 2374 991 2426 Theopaschitarum
1027 2379 1094 2416 in-

69 2429 200 2474 vexit,
228 2439 316 2477 quae
326 2426 380 2470 est
398 2429 574 2481 quaedam
593 2427 848 2478 Eutychianae
869 2428 1062 2479 appendix
1074 2452 1089 2475 ,

63 2480 105 2535 &
125 2476 335 2529 Trisagium
345 2479 487 2520 §anesius
503 2484 594 2521 Deus
606 2505 621 2528 ,
645 2480 788 2521 SanHus
791 2478 928 2535 fortis,
947 2482 1090 2526 Saucius

68 2531 295 2579 tmmortalis,
314 2531 384 2571 has
409 2546 520 2574 voces
547 2529 749 2580 adjunxif,
798 2531 832 2570 ui
844 2530 956 2586 paffiss
973 2547 1007 2572 er
1025 2544 1089 2586 pro

65 2580 159 2624 nobis
179 2611 188 2621 .
223 2583 298 2625 Sed
318 2597 411 2624 mox
427 2584 479 2625 ab
507 2586 744 2636 Imperatore
771 2547 906 2629 {eone
934 2585 1091 2626 damna.

61 2649 126 2677 tus
154 2635 275 2677 exilio
289 2660 304 2683 ,
324 2640 364 2679 in
395 2639 684 2680 Acoemetarum
695 2635 955 2684 monasterio,
975 2638 1087 2678 Con-

64 2687 322 2737 stantinopoli
339 2688 480 2736 latuit,
507 2688 636 2732 donec
664 2687 851 2730 defuneto
866 2689 1002 2733 Leone
1021 2692 1089 2731 Ba-

65 2738 206 2789 siliscus
224 2752 416 2788 tyrannus
435 2738 615 2792 usurpato
634 2743 800 2790 Imperio
819 2744 974 2784 Petrum
1002 2741 1087 2783 Ful.

63 2790 198 2836 lonem
215 2791 476 2836 Antiochiam
503 2818 518 2841 ,
555 2796 595 2834 δε
622 2794 876 2837 Timotheum
894 2793 1085 2836 AElurum

47 2842 346 2890 ‘Alexandriam
368 2850 408 2887 in
427 2843 602 2889 Ecclesiae
625 2843 791 2900 fideique
809 2845 993 2890 summam
1003 2860 1084 2896 per·

19 2946 21 2948 q
63 2900 203 2956 uiciem
221 2901 420 2939 revocavit
438 2912 546 2940 anno
555 2906 644 2952 476.
671 2899 745 2942 Sed
755 2913 864 2941 anno
884 2899 1083 2950 insequen-

61 2962 96 2991 ιι
113 2950 247 2997 Zeno,
276 2962 504 2998 recuperato
516 2950 626 3002 quod
644 2949 708 2992 fibi
729 2948 926 2994 Basiliscus
938 2956 1083 2999 eripue-

65 3013 127 3043 rat
158 3003 324 3050 Imperio
348 3027 364 3051 ,
402 3016 609 3056 utrumque
629 3001 776 3047 sedibus
806 3002 880 3045 illis
910 3002 1050 3054 repulit
1071 3031 1081 3044 .

67 3052 292 3107 ‚Eodemque
310 3068 390 3095 ann
429 3067 526 3108 477.
545 3068 719 3099 mortuus
746 3053 799 3096 est
818 3054 1047 3098 Timotheus
1065 3079 1081 3102 ,

64 3116 183 3155 quem
201 3106 285 3158 post
311 3106 366 3147 sui
383 3105 660 3156 depositionem
677 3105 804 3152 scribit
832 3107 1083 3153 Liberatusc.

71 3162 130 3200 16.
152 3169 313 3199 mortem
332 3157 398 3199 fibi
426 3173 578 3202 veneno
596 3158 813 3203 conscivisse
841 3189 850 3201 .
879 3162 924 3200 In
952 3159 1082 3202 locum

63 3207 260 3266 demortui
276 3211 502 3260 Timothei,
528 3225 710 3255 crearunt
733 3212 898 3255 haeretici
910 3209 1084 3253 Alexan·

21 3247 27 3321 ξ
63 3259 219 3319 ‘irinum
247 3260 472 3313 Episcopum
501 3267 657 3308 Petrum
677 3267 862 3316 Moggum
885 3289 900 3311 ,
931 3263 1083 3305 Catho-

4 3326 27 3362 2‘
64 3311 131 3355 liei
151 3311 244 3352 ver&
261 3314 508 3358 Timotheum
528 3317 851 3365 Solophaciolum
861 3317 1080 3366 elegerunts

23 3357 28 3413 i
65 3365 224 3423 Petrum
245 3366 336 3405 vero
353 3367 538 3418 Moggum
549 3371 660 3413 Zeno
680 3368 776 3417 jussit
798 3369 973 3410 exulare.
1002 3366 1083 3408 An.

24 3432 27 3471 χ
63 3413 216 3475 trochia
236 3428 394 3475 ¹quoque
411 3421 541 3463 Petrus
566 3422 811 3472 Cnapheusa
824 3422 986 3464 Zenone
1005 3420 1083 3472 pel-

25 3476 28 3499 *
64 3466 184 3514 litut,
213 3481 324 3519 efflue
352 3466 531 3512 sufficitur
549 3474 770 3522 Stephanus
801 3472 1050 3515 orthodoxus
1072 3490 1084 3519 5

25 3513 29 3594 i
64 3516 125 3561 sed
136 3518 356 3565 huncanno
366 3534 572 3572 4790mota
592 3523 780 3568 seditione
797 3525 967 3577 gregales
979 3523 1084 3568 Cria‘.

1143 290 1282 338 tholici
1291 290 1538 342 praevalentes
1547 293 1710 338 alterum
1721 289 1962 383 S'tesshanum
1975 314 1992 340 ,
2011 290 2051 332 δι
2063 290 2152 331 huic

1141 345 1223 384 vita
1248 341 1387 392 func‘sso
1415 339 1705 387 calendionem
1729 349 1869 390 amos
1902 343 2152 390 orthodoxos

1141 391 1390 445 suffecerunt?

1196 460 1247 499 24
1272 446 1729 497 Constantinopolitanae
1747 444 1922 495 Ecclefiae
1934 443 2091 490 clavum
2103 459 2157 488 re,

1138 502 1199 546 xit
1226 500 1309 549 post
1333 498 1572 543 «Anatolium
1594 500 1821 542 Gennadius
1847 524 1864 546 ,
1911 501 2057 543 eximiae
2097 501 2155 541 vit

1139 554 1297 605 pietatis
1315 552 1550 598 &dodirinae
1565 571 1578 598 ,-
1605 551 1719 600 h'uic,
1745 564 1857 597 anno
1901 562 2054 599 7tav1ta
2072 549 2156 602 fun-

1138 604 1209 648 ,ἃο
1236 602 1540 652 successor-datus
1557 603 1612 648 est
1639 602 1809 651 Aeacius
1818 605 1972 649 vaiet&
1988 602 2153 644 callidus

1138 655 1261 698 homo
1275 681 1291 705 ,
1319 656 1422 704 clam
1439 655 1694 705 Eutychianae
1710 655 1885 707 addictus
1905 653 2033 701 haerefi
2048 681 2064 704 ,
2093 652 2155 698 sed

1137 709 1359 760 religionis,
1386 709 1537 764 proute
1564 722 1604 747 re
1620 706 1684 747 {ua
1702 709 1774 749 esse
1791 706 2010 757 iudicabat,
2036 709 2155 747 mirus

1137 759 1385 807 ῦη]ιι1ε,ιῑοι·”,.
1413 762 1535 809 Hujus
1561 756 1734 801 suasione
1761 760 1871 801 Zeno
1900 763 1939 802 in
1961 758 2157 803 deteriora

1134 826 1308 854 mutatus
1326 813 1521 869 Joannem
1543 811 1743 856 Zalaidam
1773 812 2063 858 orthodoxum,
2089 812 2155 862 qui

1134 866 1348 909 Timotheo
1369 863 1657 916 Solophaciolo
1685 867 1827 914 pariter
1844 863 2048 906 catholico
2076 860 2157 902 suc-

1133 915 1296 960 cesserat
1305 921 1346 962 in
1355 915 1639 968 ⁴Alexandrinae
1651 919 1817 972 regimen
1827 914 2009 965 *Ecclefiae
2019 939 2033 961 ,
2061 914 2155 959 loco

1135 974 1259 1016 movit
1285 995 1305 1018 ,
1332 972 1564 1018 Petrumque
1583 969 1770 1019 Moggum
1790 969 1839 1008 ad
1863 981 1949 1011 cam
1964 965 2087 1008 sedem
2105 981 2159 1007 re-

1134 1025 1295 1064 vocavit
1317 1035 1426 1066 anno
1438 1022 1488 1072 48
1497 1034 1528 1059 ι.
1546 1034 1690 1061 novam
1724 1035 1770 1060 ue
1785 1018 1871 1060 fidei
1885 1018 2094 1060 formulam
2105 1017 2161 1060 fa-

1132 1074 1298 1120 bricavit
1315 1099 1330 1121 ,
1365 1076 1406 1114 in
1427 1085 1545 1124 quam
1563 1071 1702 1117 Catho
1722 1074 1769 1112 ici
1795 1073 1951 1121 perinde
1978 1086 2023 1113 ac
2048 1072 2161 1114 haere.

1133 1130 1203 1169 tici
1231 1138 1412 1179 poterant
1426 1122 1674 1170 consentire,
1719 1127 1784 1165 cui
1841 1124 1973 1164 roinde
2013 1137 2158 1165 nomen

1133 1188 1257 1223 immam
1286 1178 1449 1224 indidit,
1477 1175 1583 1227 q'uasi
1596 1176 1687 1229 pacis
1712 1192 1802 1218 conct
1817 1176 1992 1223 iatarium3
2023 1173 2084 1218 sed
2102 1179 2155 1216 in-

1132 1230 1244 1271 tarsta
1261 1228 1436 1281 praesenti
1462 1226 1695 1273 dissidiorum
1720 1232 1828 1269 circa
1842 1227 1956 1269 fidem
1968 1230 2155 1274 materia,

1133 1282 1187 1327 ibi
1205 1283 1326 1326 tacite
1336 1280 1510 1324 Concilii
1521 1278 1854 1326 Chalcedonensis
1861 1279 2039 1329 definitio
2048 1279 2159 1319 abro⁴

1133 1335 1300 1386 gabatur
1317 1363 1327 1373 .
1355 1333 1648 1377 Huic‘Zenonis
1669 1332 1800 1379 edicio
1831 1331 2036 1379 Catholici
2062 1343 2158 1373 con-

1134 1388 1282 1432 stanter
1299 1385 1548 1432 restiterunt,
1576 1382 1779 1434 ptaesertim
1798 1384 1906 1428 Felix
1919 1385 1986 1424 111.
2015 1382 2156 1427 Roma—

1134 1455 1192 1484 nae
1208 1439 1312 1482 Sedis
1323 1435 1552 1532 Ερίΐεοβυε,
1579 1437 1803 1488 quiLeonis
1824 1437 1962 1488 Magni
1978 1430 2158 1482 successo.

1135 1495 1166 1538 ri
1188 1490 1442 1539 Simpliciano
1491 1503 1571 1538 apae
1586 1503 1695 1536 auno
1721 1491 1811 1540 483.
1830 1487 1955 1529 suerat
1976 1485 2158 1537 subroga-

1133 1557 1198 1586 tus
1214 1573 1225 1585 .
1252 1546 1329 1586 Hic
1344 1554 1393 1583 ex
1423 1541 1602 1588 Romana
1622 1541 1787 1592 Synodo
1806 1554 1882 1587 tres
1900 1541 2070 1590 Legatos
2086 1551 2158 1586 pro

1133 1593 1249 1638 causa
1275 1592 1773 1650 fidei‘Constantinopolim
1800 1591 1899 1633 mifit
1916 1617 1931 1640 ,
1962 1590 2158 1642 vitalem,

1134 1646 1411 1700 Misenumque
1431 1643 1641 1697 Episcopos
1668 1669 1684 1693 ,
1720 1647 1761 1686 &
1788 1644 1955 1690 Felicem
1970 1642 2158 1690 Romanae

1133 1698 1370 1744 defensorem
1387 1696 1585 1746 Ecciefiae,
1614 1700 1682 1790 zui
1709 1694 1900 1745 Acacium
1915 1695 1964 1736 ad
1986 1694 2160 1739 tribunal

1133 1756 1302 1793 citarent
1323 1749 1617 1791 RomaniPonti
1637 1752 1727 1796 ¹cis,
1742 1752 1798 1800 v&
1817 1750 2015 1800 Moggum·
2037 1747 2086 1791 ab
2108 1746 2161 1788 Α-

1134 1803 1366 1850 lexandtina
1386 1800 1563 1846 ›Ecclefia
1582 1800 1724 1849 depelli
1741 1813 1945 1849 curarent.
1975 1798 2028 1840 At
2053 1802 2163 1840 Vita-

1132 1856 1181 1902 lis
1208 1859 1249 1896 &
1278 1851 1447 1898 Misenus
1465 1853 1514 1897 ab
1525 1852 1677 1897 Acacio
1687 1856 1842 1900 vexati,
1871 1866 1959 1892 cum
1974 1851 2049 1897 hoc
2066 1866 2162 1892 con-

1134 1906 1331 1954 senserunt
1357 1931 1374 1954 ,
1401 1904 1589 1959 simulque
1615 1920 1705 1946 cum
1734 1907 1851 1950 Petro
1880 1906 2031 1954 Moggo
2058 1914 2163 1944 com-

1134 1963 1403 2003 municarunt.
1432 1957 1539 2002 Felix
1565 1957 1654 2003 cum
1676 1957 1818 1997 morbo
1843 1956 2050 2005 impeditus
2077 1953 2160 1996 sub-

1134 2009 1280 2057 stitiffet
1307 2036 1322 2058 ,
1357 2009 1490 2064 postea
1519 2008 1923 2058 Constantinopolim
1952 2007 2164 2056 adveniens

1133 2068 1175 2108 in
1192 2063 1351 2107 vincula
1369 2063 1571 2111 conjectus
1580 2063 1654 2109 est.
1681 2065 1754 2108 His
1774 2058 1942 2111 offensus
1972 2063 2077 2109 Papa
2097 2062 2162 2101 Fe-

1132 2117 1190 2163 lix
1217 2116 1347 2166 duos,
1383 2117 1558 2169 quicum
1587 2113 1739 2162 Acacio
1766 2116 1807 2158 δι
1837 2115 1986 2170 Moggo
2016 2111 2162 2173 perfida

1130 2169 1453 2219 praevaricatione
1470 2170 1814 2214 ,communicarunt
1836 2192 1850 2213 ,
1879 2168 2042 2217 propriis
2071 2163 2162 2205 sedi-

1131 2221 1202 2263 bus
1226 2217 1406 2270 deposuit
1440 2242 1465 2268 ,v
1492 2222 1533 2260 &
1560 2219 1746 2263 Acacium
1774 2218 1968 2261 sententia
1995 2216 2162 2265 perculit

1131 2272 1392 2323 anathematis
1411 2297 1427 2319 ,
1455 2275 1523 2322 qui
1552 2272 1864 2319 pervindietam,
1894 2269 2029 2309 Felicis
2047 2271 2160 2317 Papae

1131 2339 1277 2417 ngmeu
1304 2337 1352 2367 ex
1381 2323 1573 2380 diptychis
1593 2322 1862 2370 Ecclefiasticis
1886 2318 2029 2367 abrasit
2050 2333 2158 2364 anno

1130 2390 1157 2428 4
1184 2440 1244 2479 35.
1264 2431 1398 2473 Petrus
1427 2429 1594 2480 Moggus
1606 2427 1709 2480 apud
1738 2425 2018 2472 Alexandriam
2034 2438 2160 2476 recep-

1128 2494 1172 2525 to
1201 2482 1371 2525 Zenonis
1389 2479 1580 2525 henotico
1596 2507 1612 2529 ,
1640 2477 1885 2523 Catholicos
1911 2482 1951 2519 in
1978 2475 2155 2522 discrimi-

1129 2536 1280 2580 natim,
1309 2528 1943 2579 &haereticosdemetetistudens,
1971 2532 2013 2570 &
2032 2529 2156 2572 Chal-

1126 2585 1382 2630 cedonensem
1412 2585 1617 2634 Synodum
1638 2597 1742 2624 nunc
1772 2586 1945 2630 rejiciens
1971 2596 2061 2628 cum
2082 2583 2159 2623 Eu.

1127 2637 1324 2688 tychianis
1344 2662 1360 2685 ,
1411 2651 1516 2680 nunc
1534 2635 1754 2687 approbans
1773 2649 1864 2676 cum
1898 2633 2123 2678 Catholicis
2141 2659 2158 2682 ,

1126 2687 1356 2741 quibuscum
1379 2689 1544 2749 agebat,
1574 2700 1832 2738 utrorumque
1847 2691 1888 2734 in
1906 2685 1942 2735 se
1957 2686 2158 2731 odiumat.

1126 2746 1270 2790 traxit,
1299 2741 1492 2796 multique
1516 2740 1844 2795 Eutychianiejus
1860 2736 2041 2790 respuunt
2051 2745 2159 2783 com.

1125 2798 1379 2841 munionem,
1408 2797 1476 2844 qui
1497 2793 1587 2833 cum
1607 2805 1735 2844 neque
1762 2801 1852 2834 cum
1874 2787 2047 2835 Ecclesia
2074 2787 2156 2831 sen-

1124 2850 1244 2891 tirent
1264 2858 1391 2898 neque
1409 2847 1500 2889 cum
1529 2843 1598 2887 suo
1625 2841 1822 2896 Episcopo
1850 2844 2156 2902 convenirent)

1122 2897 1312 2951 Acephali,
1333 2897 1503 2945 'hocest,
1530 2895 1871 2946 capitedestituti,
1898 2892 2154 2935 vocatisunt.

1123 2954 1297 2993 Moritur
1314 2949 1454 2990 exinde
1475 2947 1690 2997 Cnapheus
1702 2946 2049 2992 Antiochiaeanno
2059 2948 2151 2996 486.

1124 3005 1294 3053 Moggns
1324 3000 1572 3046 Alexandriae
1601 3014 1711 3043 anno
1732 3000 1822 3051 498.
1850 2998 2015 3042 Aeacius
2043 2998 2150 3042 Con.

1124 3055 1385 3105 stantinopoli
1405 3068 1513 3098 anno
1531 3055 1622 3105 488.
1651 3052 1802 3095 Acacio
1811 3049 1980 3098 succeffit
1997 3048 2151 3096 Flavita

1123 3108 1319 3149 haereticus
1338 3121 1352 3155 5
1379 3106 1538 3149 Flavitae
1567 3102 1701 3155 finguli
1719 3102 1798 3143 hoc
1818 3103 1955 3148 ordine
1977 3099 2154 3144 successe·

1122 3171 1214 3204 runt
1241 3157 1445 3211 Catholici
1474 3156 1629 3210 quidem
1648 3181 1664 3204 ,
1691 3152 1752 3196 sed
1777 3152 1983 3197 schismate
2010 3153 2060 3195 ab
2083 3155 2154 3196 Ec-

1122 3209 1236 3253 clesia
1264 3210 1445 3252 Romana
1472 3207 1635 3253 divulsis
1664 3206 1902 3258 Euphemius
1926 3231 1942 3255 ,
1970 3206 2156 3250 Macedo.

1125 3268 1236 3310 nius,
1266 3263 1519 3309 Timotheus,
1549 3261 1622 3302 hoc
1633 3258 1717 3301 solo
1746 3259 1796 3301 ab
1819 3257 2048 3312 Apostolica
2068 3257 2152 3300 sede

1126 3315 1255 3364 rejecti
1284 3339 1300 3362 ,
1329 3314 1437 3369 quod
1464 3316 1569 3362 impii
1594 3312 1731 3355 Aeacii
1760 3325 1905 3356 nomen
1934 3311 1981 3355 de
1994 3309 2152 3358 suarum

1127 3365 1386 3413 Ecclesiarum
1403 3366 1546 3410 tabulis
1563 3364 1689 3410 delete
1717 3361 1946 3408 recusabant
1963 3388 1979 3411 ,
2007 3376 2151 3406 contra

1127 3423 1276 3463 Summi
1304 3417 1507 3462 pontificis
1529 3429 1761 3470 praeceptum
1787 3440 1804 3465 ς.
1838 3413 2102 3467 exclusionem
2129 3417 2152 3457 a

1127 3473 1408 3514 communione
1428 3471 1672 3514 decernentis
1693 3471 1733 3512 in
1751 3481 2022 3511 contumaces.
2055 3469 2155 3510 Diu-

1128 3538 1244 3568 turna
1253 3522 1324 3567 fut
1335 3523 1403 3566 illa
1414 3519 1663 3577 Ecclefiarum
1675 3519 2152 3581 disciffio,perduravitque

1969 3585 1992 3614 a
2010 3584 2102 3614 tem·
