2430 3958
226 282 868 366 Concil.Generale
895 281 1236 361 Lateran.
1260 281 1389 369 lV.
1410 307 1607 363 anm
1637 312 1720 363 21
1749 279 1811 380 ς’.
1937 292 2099 387 377·

63 410 135 450 per
163 398 276 448 ipsum
297 401 334 436 in
355 398 432 436 illis
453 397 622 443 Ecclesiis
646 398 661 434 (
687 409 763 447 quae
784 395 893 434 talem
911 395 1085 433 haHenus

73 448 357 491 consuetudinem
378 447 576 485 habuerunt
600 447 685 485 )ad
709 447 1005 485 communitionem
1022 441 1082 480 vel

65 497 241 548 jussionem
281 495 450 548 Episcopi
482 500 701 545 corrigantur
721 522 734 542 ,
767 495 865 543 infra
897 495 1082 532 terminum

67 558 315 595 competentem
339 547 386 584 ab
413 545 584 596 Episcopo
603 545 853 596 praesigendum
876 569 884 577 ·
911 543 1081 592 Alioquin

67 611 116 637 ex
133 609 215 635 tune
230 597 428 647 Episcopus
450 598 572 634 Deum
591 597 725 633 habens
733 606 807 644 prae
829 593 936 631 oculis
951 619 962 638 ,
989 593 1084 630 omni

68 647 345 687 contradiffione
358 643 508 694 ceffante
525 673 536 692 ,
564 645 651 694 ipsos
694 655 769 683 rout
790 655 877 681 cura
886 644 1086 679 animarum

69 700 228 744 exegerit
243 723 257 744 ,
268 708 335 746 per
348 695 532 744 censuram
549 656 834 740 Ecclesiasticam
845 694 1013 739 corrigere
1024 704 1086 730 non

65 745 248 797 postponat
270 760 280 786 t
305 745 334 794 s
329 746 376 784 ed
390 748 430 790 θ’
445 746 536 783 alios
551 757 665 783 eorum
678 742 832 788 excessus
842 743 1009 788 corrigere
1020 754 1085 778 non

67 799 211 835 omittat
223 823 235 843 ,
259 802 362 846 prout
373 797 570 833 animarum
580 793 687 840 causa
697 793 843 841 requirit
861 817 872 836 ,
900 790 1018 827 debito
1030 800 1087 826 ta-

67 859 147 884 men
160 846 281 883 ordine
305 849 342 883 in
357 844 515 883 omnibus
529 842 712 891 observato
726 869 735 878 .
765 841 942 878 Caeterum
955 838 983 883 li
1009 839 1044 878 C
1046 853 1085 875 a-

69 898 183 932 »tonici
195 894 328 944 absque
345 893 535 941 manifesla
549 896 588 937 θ’
602 889 805 931 rationabili
814 888 921 936 causa
940 916 950 934 ‚
972 891 1085 925 maxi-

66 959 124 983 me
144 948 178 982 in
201 955 432 994 contemptum
460 943 628 992 Episcopi
649 967 664 987 ,
697 939 904 986 cessaverint
923 953 946 974 a
972 939 1085 979 Divi-

68 997 129 1031 nis
147 1021 158 1038 ,
188 994 386 1044 Episcopus
410 990 635 1031 nihilomintis
650 1017 662 1036 ,
684 989 715 1035 fi
734 989 884 1028 voluerit
897 1016 908 1034 ,
938 988 1085 1026 celebret

66 1046 107 1082 ἰη
126 1043 287 1092 Ecclesia
298 1043 522 1082 cathedrali
538 1069 549 1088 ,
576 1044 616 1085 (5
630 1039 929 1088 Metropolitanus
941 1039 993 1074 ad
1003 1051 1086 1124 zue·

68 1094 184 1131 relam
194 1093 300 1144 ipsius
311 1121 323 1140 ‚
349 1104 521 1143 tanquam
532 1090 638 1141 super
647 1091 708 1127 boc
721 1088 906 1136 delegatus
925 1102 948 1124 a
966 1102 1005 1124 no
1028 1090 1061 1125 is
1074 1114 1085 1133 ,

69 1144 202 1183 taliter
222 1157 279 1181 eos
292 1155 356 1192 per
379 1141 562 1190 censuram
578 1137 859 1184 Ecclesiastieam
876 1141 1011 1185 cognita
1027 1150 1086 1176 ve-

72 1197 187 1233 ritate
208 1191 353 1243 casiiget
369 1218 383 1238 ,
409 1191 505 1241 quod
523 1202 631 1239 paenae
658 1199 751 1227 metu
774 1188 867 1225 talia
891 1189 940 1224 de
967 1198 1086 1225 caetero

70 1257 139 1282 aton
159 1242 396 1292 praesumant.
421 1240 650 1278 Provideant
665 1243 787 1287 itaque
803 1238 991 1285 diligenter
1014 1236 1085 1275 Ec-

65 1291 152 1334 clesi
153 1305 258 1330 arum
270 1289 428 1329 Praelati
442 1314 455 1335 ,
474 1299 512 1326 ut
528 1288 587 1325 hoc
602 1287 759 1334 salutare
766 1286 934 1331 statutum
944 1286 997 1324 ad
1004 1299 1086 1335 que-

65 1341 156 1389 stum
166 1341 322 1390 pecuniae
334 1337 396 1376 vel
399 1351 602 1386 gravamen
616 1338 761 1387 aliquod
777 1351 838 1374 non
855 1346 1060 1375 convertant
1072 1362 1085 1383 ‚

63 1388 137 1440 sed
160 1389 253 1428 illud
267 1387 431 1438 fideliter
452 1401 495 1424 ac
519 1386 675 1435 studiose
693 1398 910 1436 exequantur
926 1414 938 1433 ,
958 1384 988 1433 si
1010 1386 1086 1424 Ca·

65 1443 232 1479 monicum
257 1438 431 1477 voluerint
455 1436 606 1485 effugere
633 1437 795 1475 ultionem
816 1451 825 1476 ς
851 1439 1011 1486 quoniam
1033 1434 1086 1479 su·

66 1500 135 1540 per
161 1490 220 1527 bis
257 1485 461 1537 Apostolica
480 1486 599 1525 Sedes
626 1486 770 1525 authore
801 1488 953 1526 Domino
971 1495 1087 1523 atten-

66 1538 192 1585 ttffime
212 1538 380 1586 vigilabit
392 1567 402 1575 .

111 1585 268 1623 Refertur
275 1596 303 1622 c.
311 1585 526 1629 irrefragabili
536 1608 547 1625 ‚
558 1586 599 1619 de
607 1584 696 1632 offic.
707 1585 775 1620 iud.
786 1584 917 1621 Ordina
928 1608 936 1618 .
959 1583 1089 1626 Requi-

62 1631 169 1664 nenda
178 1628 273 1670 sunt,
294 1639 368 1672 quae
386 1627 527 1671 superius
544 1628 705 1661 ubernmc
721 1627 862 1674 congelli
873 1629 912 1660 de
931 1626 1088 1668 potestate

63 1669 305 1706 iurilaifflonis
313 1694 326 1710 ,
345 1673 381 1705 &
389 1668 603 1704 correetionis
615 1667 817 1712 Episcopalis
827 1680 901 1712 erga
913 1677 1089 1708 utrumque

67 1712 212 1746 clerum
222 1735 234 1752 ‚
256 1715 290 1746 δε
301 1710 477 1754 praesertim
495 1710 708 1750 canonicos,
731 1713 773 1744 ad
783 1721 947 1745 canonem
955 1709 1090 1743 6-Con-

69 1754 142 1788 cilii
154 1753 351 1788 Arelatenfls
362 1753 423 1787 v1.
441 1752 498 1786 iub
508 1753 636 1786 Carolo
654 1751 784 1795 Magno
795 1764 884 1786 anno
892 1752 962 1793 813.
981 1750 1087 1795 Quod

63 1796 146 1829 vero
165 1794 367 1829 constituunt
384 1793 616 1829 Latet-arienses
640 1793 749 1827 Patres
758 1793 856 1827 initio
865 1795 959 1833 hujus
975 1792 1090 1826 Cano-

64 1837 121 1871 nis
137 1836 215 1870 VII.
234 1838 273 1870 de
287 1835 492 1870 correffione
511 1846 667 1874 morum,
687 1835 721 1868 in
738 1847 803 1878 qua
813 1837 929 1869 modus
947 1845 1016 1882 uon
1035 1845 1089 1867 ex-

65 1881 223 1923 cedatur,
243 1879 340 1912 nulla
357 1877 505 1920 suspendi
523 1874 749 1918 appellatione
765 1879 833 1916 ejus
842 1885 1067 1910 executionem
1078 1897 1088 1913 ,

63 1919 134 1953 hoc
144 1919 250 1960 iplum
265 1928 361 1953 antea
379 1918 546 1961 provisum
556 1918 596 1952 ab
606 1919 797 1952 Alexandro
806 1919 866 1952 ΙΙΙ.
875 1918 980 1952 fuerat
990 1940 1001 1956 ‚
1020 1928 1090 1958 cap.

66 2000 114 2035 tis
131 1999 249 2035 Caroli
268 1999 322 2035 Re
345 2012 371 2034 ιε
388 2001 448 2035 ΙΧ.
467 2000 546 2034 anni
566 2009 654 2042 1571.
672 2007 733 2034 art.
751 2010 780 2042 ς.
798 2003 832 2033 δε
859 1999 1090 2034 Comitiorum

65 2040 280 2078 Blaesenfium
297 2042 331 2076 su
364 2041 514 2076 Henrico
534 2041 626 2083 Rege
644 2042 705 2075 111.
723 2049 783 2073 art.
804 2049 854 2083 59.

119 2087 219 2123 Can.
237 2084 351 2123 vlu.
373 2084 547 2136 Qatiter
562 2086 601 2126 (ς’
615 2082 782 2134 quomodo
805 2083 934 2119 debeat
953 2082 1090 2120 Praela-

63 2145 131 2174 ius
138 2133 329 2184 procedere
349 2137 401 2172 ad
416 2133 665 2183 inquirendum
679 2132 942 2182 &puniendum
966 2130 1089 2178 subdi-

64 2194 184 2223 torum
205 2185 359 2231 excessus
378 2209 390 2230 ,
410 2197 456 2222 ex
477 2182 732 2220 autoritatibus
751 2183 859 2220 Novi
885 2186 925 2225 (θ’
944 2181 1088 2219 Veteris

66 2233 288 2279 Testamenti
310 2234 484 2281 colligitur
507 2234 693 2270 evidenter
720 2245 730 2269 ι
754 2245 798 2269 ex
822 2233 949 2280 quibus
970 2229 1088 2280 poslea

65 2284 309 2332 processerunt
324 2284 510 2320 Canonieae
521 2281 732 2319 sanctiones
748 2307 759 2326 ‚
774 2279 863 2325 ficut
889 2281 970 2317 olim
984 2291 1087 2328 aper-

71 2345 110 2372 te
131 2331 357 2376 distinximus
380 2358 394 2378 ,
418 2334 456 2376 ὁ·
473 2345 560 2367 nunc
579 2331 677 2377 sacri
700 2330 948 2379 approbatione
961 2330 1088 2366 Conci-

64 2382 142 2428 eiiij
153 2379 398 2427 confirmamus
412 2409 421 2418 .
437 2382 590 2428 Legitur
600 2383 689 2417 enim
704 2382 740 2416 in
753 2379 956 2427 Evangelio
967 2407 979 2426 ,
993 2379 1087 2428 quod

64 2431 216 2469 villicus
230 2431 316 2476 ille,
346 2433 410 2481 qui
429 2431 645 2476 diffamatus
670 2440 747 2467 erat
777 2430 876 2478 apud
893 2430 1085 2467 Dominum

61 2483 168 2530 suum
186 2506 199 2526 ,
227 2480 326 2529 quasi
335 2479 522 2529 dzffipaffet
538 2482 622 2517 bona
634 2479 740 2528 ipsius
751 2505 764 2526 ,
787 2479 931 2516 audivit
947 2478 1084 2516 abillo:

66 2531 176 2583 Qid
186 2529 246 2568 hoc
257 2529 366 2568 audio
378 2531 422 2566 de
434 2541 468 2567 te
480 2528 496 2567 ?
522 2530 654 2568 Redde
670 2532 838 2567 rationem
852 2526 1084 2566 villicationis

64 2591 135 2620 tuae
150 2607 161 2626 ‚
190 2582 265 2628 jam
279 2583 369 2617 enim
384 2594 446 2617 non
460 2582 594 2626 poteris
619 2579 783 2616 villicare
797 2607 806 2615 .
824 2578 879 2616 Et
903 2581 939 2616 in
956 2577 1084 2623 Genefi

62 2631 247 2670 Dominus
258 2632 311 2667 ait
329 2643 340 2668 2
361 2628 591 2677 Descendam
606 2656 618 2676 ‚
644 2631 683 2671 (5
708 2628 860 2673 videbo,
878 2640 995 2666 utrum
1011 2628 1084 2665 cla-

0 2715 4 2727 ,
64 2694 195 2719 onorem
208 2707 220 2726 ,
239 2682 301 2728 qui
322 2682 420 2717 venit
444 2679 498 2716 ad
512 2693 565 2716 me
579 2706 590 2725 ,
611 2690 710 2726 opere
724 2679 974 2726 compleverint
986 2707 996 2713 .
1021 2679 1083 2716 Ex

67 2729 199 2780 quibus
212 2729 494 2767 authoritatibus
509 2728 690 2776 manifeste
704 2728 945 2777 comprobatur
959 2755 970 2774 ,
991 2729 1083 2778 quod

66 2779 251 2828 uonsolum
261 2794 365 2828 quum
373 2779 542 2826 subditus
558 2805 571 2824 ,
595 2791 718 2815 verum
740 2781 849 2815 etiam
865 2793 969 2827 quum
987 2781 1084 2815 Prae-

0 2860 7 2878 a
64 2829 167 2868 latus
177 2830 318 2867 excedit
333 2856 344 2874 ,
357 2828 463 2879 siper
473 2829 658 2866 clamorem
674 2854 688 2875 ,
705 2830 919 2875 autfamam
935 2854 946 2872 ,
958 2828 1010 2864 ad
1021 2843 1081 2864 au-

62 2892 124 2917 res
135 2879 337 2928 Superioris
350 2881 552 2927 pervenerit
564 2905 576 2924 ,
592 2892 655 2915 non
665 2878 808 2927 quidem
816 2893 840 2913 a
851 2878 1034 2915 malevolis
1042 2880 1082 2921 θ’

59 2929 253 2967 maledicis
265 2956 278 2976 ,
287 2927 358 2975 sed
370 2943 393 2964 a
403 2927 568 2977 providit
582 2930 622 2971 δ’
632 2926 779 2973 boneslis
791 2938 870 2974 ;nec
879 2926 987 2974 semel
1002 2939 1082 2964 tan-

0 2976 8 3013 ?
61 2989 138 3016 tum
150 3005 164 3026 ‚
183 2978 356 3028 sedsaepe
369 3004 380 3025 ,
411 2978 526 3027 (quod
547 2977 678 3014 clamor
691 2979 803 3015 innuit
819 2980 859 3020 ὠ·
875 2976 1081 3023 diffamatio

63 3027 269 3075 manifestat
294 3035 308 3073 )
329 3027 436 3066 debet
460 3040 575 3066 eoram
592 3026 759 3072 Ecclesiae
769 3025 964 3075 senioribus
987 3031 1081 3063 veri-

63 3087 180 3116 tatem
189 3078 395 3125 diligentius
405 3077 640 3127 perscrutari,
649 3089 685 3114 ut
690 3077 722 3122 fi
734 3080 786 3115 rei
791 3076 982 3128 poposcerit
994 3090 1084 3124 qua-

63 3127 158 3165 litas
175 3154 188 3174 ,
208 3128 396 3166 Canonica
409 3126 582 3172 dislric‘iio
600 3127 739 3176 culpam
755 3121 866 3178 feriat
877 3126 1079 3174 delinquen·

0 3176 19 3186 '¹
61 3180 115 3215 tis
126 3203 139 3223 ,
168 3191 232 3215 non
247 3188 418 3227 tanquam
437 3176 483 3222 sit
500 3178 599 3215 attor
614 3179 653 3220 (5·
661 3176 778 3226 judex
791 3203 803 3223 ,
821 3176 890 3224 sed
902 3175 999 3225 quasi
1015 3176 1078 3213 de-

0 3225 19 3262 ’ἕ
53 3225 201 3277 ferente
222 3225 330 3275 fama
341 3253 355 3272 ‚
381 3223 439 3274 vel
450 3228 685 3265 denuntiante
711 3227 861 3264 clamore
875 3253 886 3272 ,
911 3225 1011 3271 officii
1019 3226 1077 3273 sui

0 3275 18 3298 ¹¹·
58 3275 223 3315 debitum
242 3274 456 3324 exequatur.
485 3278 593 3316 Licet
616 3289 736 3314 autem
749 3274 809 3315 boc
827 3276 872 3321 fit
888 3274 1076 3321 observan-

0 3321 14 3362 Ι,
48 3325 148 3367 *dum
157 3331 194 3364 in
196 3323 360 3414 subditis
371 3351 385 3371 ‚
403 3326 610 3374 diligentius
625 3338 744 3364 tamen
756 3325 1015 3375 observandum
1028 3324 1074 3370 esl

0 3375 14 3400 '
58 3376 101 3416 in
114 3378 195 3414 Prae
211 3378 302 3422 atis,
312 3378 372 3424 qui
380 3375 477 3423 quafi
489 3376 617 3424 signum
622 3376 701 3423 sunt
709 3375 812 3426 pofiti
823 3376 875 3414 ad
879 3377 1070 3423 sagittam:

0 3423 11 3448 '⁶
45 3427 101 3472 2&
113 3429 198 3474 quia
210 3439 275 3464 non
281 3424 416 3474 possunt
428 3427 580 3464 omnibus
598 3426 811 3473 complacere
823 3453 836 3474 ‚
855 3439 932 3464 eum
945 3438 990 3463 ex
1004 3425 1075 3471 offi-

0 3473 11 3497 ¹
40 3474 111 3533 ⁴'pctt'o
131 3486 322 3514 teneantur
343 3487 406 3510 non
419 3471 532 3521 solum
556 3489 701 3525 arguere
718 3503 730 3523 ‚
750 3473 820 3524 sed
833 3477 942 3513 etiam
962 3477 1074 3512 incre.

3 3586 9 3610 5
28 3586 38 3606 ⁶.-

63 1959 217 1994 nosttam
226 1982 238 1998 ‚
261 1961 300 1993 de
310 1961 455 2007 appellat
464 1983 472 1992 .
495 1961 653 2002 Idemque
663 1959 852 1993 Gallicanis
869 1960 1016 1992 firmatur
1025 1958 1092 1992 edi-

1123 405 1187 429 non
1192 393 1304 440 facile
1318 393 1564 440 admittatur3
1584 408 1624 432 ne
1650 394 1978 442 concuffiscolumnis
2002 406 2152 436 corruat·

1123 441 1391 489 aedificiummisi
1405 443 1560 492 diligens
1570 444 1787 483 adhibeatur
1798 446 1956 493 cautela,
1960 460 2026 497 per
2035 460 2142 498 quam

1123 505 1186 529 non
1195 491 1306 538 fhltim
1323 492 1455 540 salsae,
1474 492 1663 541 sedetiam
1673 494 2144 546 malignaecriminationija-

1123 555 1194 578 nua
1216 542 1459 590 praecludatur
1486 571 1496 580 .
1520 542 1559 580 V
1557 542 1655 581 erum
1673 546 1728 582 ita
1752 545 1934 584 volucrunt
1949 547 2141 595 providere

1124 591 1296 631 Praelatis
1312 619 1324 638 ,
1351 605 1393 629 ne
1403 594 1673 634 criminarentur
1686 593 1805 642 injuste
1819 621 1830 639 ,
1857 605 1895 631 ut
1906 606 2024 634 tamen
2036 608 2149 634 cave--

1123 651 1200 678 rent
1215 667 1229 687 ‚
1255 656 1295 679 ne
1310 641 1552 690 delinquerent
1572 638 1772 690 insolenter:
1794 656 1913 681 eontra
1938 646 2088 683 morbum
2105 660 2143 683 u-

1124 699 1282 740 trumque
1298 693 1519 729 invenientes
1545 705 1726 740 congruam
1751 693 1965 732 medicinam
1992 722 2003 741 ‚
2039 695 2145 733 vide-

1123 739 1204 777 licet
1230 751 1268 778 ut
1285 739 1487 778 criminalis
1513 742 1688 788 accusatio
1713 769 1726 789 ‚
1762 749 1837 793 ‘quae
1863 743 1917 781 ad
1941 744 2145 782 diminutio·

1125 802 1202 826 nem
1230 792 1360 840 capitis
1388 791 1404 838 (
1430 789 1473 827 id
1498 788 1543 835 est
1570 791 1860 839 degradationem
1882 797 1897 841 )
1925 794 2141 840 intenditur,

1125 838 1188 884 nisi
1222 840 1380 888 legitima
1404 839 1575 889 precedat
1601 841 1776 890 inscriptio
1803 870 1815 889 ,
1841 843 2041 882 nullatenus
2074 843 2142 880 ad-

1125 891 1288 926 mittatur
1315 917 1323 925 .
1349 886 1519 926 Sedenim
1539 888 1646 938 super
1670 891 1931 939 exceffibussuis
1956 891 2142 943 quisquam

1118 937 1233 985 fuerit
1256 939 1456 985 infamatus
1473 966 1485 984 ,
1510 942 1565 977 ita
1575 950 1612 976 ut
1619 941 1700 985 jam
1713 940 1844 979 clamor
1859 942 2028 989 ascendat
2046 969 2058 988 ,
2077 983 2081 987 .
2107 944 2143 979 ui

1125 988 1259 1026 diutius
1274 988 1340 1038 (ine
1359 987 1531 1035 scandalo
1554 988 1762 1035 dissimulari
1784 991 1946 1040 nonpofflc
1964 1020 1976 1039 ‚
1996 993 2053 1030 vel
2084 1005 2140 1029 me

1123 1038 1274 1085 periculo
1284 1039 1451 1085 tolerari,
1480 1038 1611 1088 absque
1632 1038 1866 1078 dubitationis
1873 1041 2034 1090 scrupulo
2050 1068 2061 1087 ,
2087 1041 2141 1078 ad

1124 1089 1371 1136 inquirendum
1394 1089 1435 1130 (5
1455 1088 1671 1137 puniendum
1696 1091 1772 1137 ejus
1795 1091 1948 1137 excessus
1975 1118 1986 1137 ,
2015 1104 2074 1128 non
2096 1104 2141 1128 ex

1124 1137 1199 1185 odij
1207 1137 1357 1184 fomite,
1378 1135 1448 1184 sed
1474 1151 1518 1174 ex
1530 1139 1724 1176 charitatis
1751 1139 1882 1186 affec'lu
1906 1140 2144 1189 procedatur:

1125 1199 1298 1236 quatenus
1302 1187 1333 1233 si
1343 1189 1476 1234 gravis
1493 1186 1606 1233 fuerit
1622 1189 1774 1235 exccffus
1793 1217 1804 1235 ‚
1826 1189 1887 1234 etsi
1897 1205 1957 1228 non
1968 1190 2147 1238 degrade-

1125 1247 1183 1273 tur
1194 1237 1240 1273 ab
1253 1233 1554 1280 administratione
1569 1263 1583 1283 ‚
1606 1248 1723 1274 tamen
1747 1251 1956 1278 amoveatur
1970 1240 2100 1277 omnino
2129 1265 2142 1283 ,

1125 1286 1219 1335 quod
1227 1284 1274 1331 es}
1292 1283 1487 1332 secundtim
1498 1285 1758 1334 Evangelicam
1778 1289 1990 1336 sententiam
2002 1317 2014 1336 ,
2041 1293 2066 1327 d
2078 1287 2146 1326 vil-

1124 1337 1287 1375 licatione
1297 1336 1455 1374 villicum
1482 1340 1638 1372 amoueri
1654 1363 1667 1381 ‚
1692 1341 1752 1384 qui
1779 1353 1844 1376 non
1862 1340 1973 1388 potet?
2000 1339 2142 1375 villica-

1125 1389 1225 1423 tionis
1242 1384 1319 1435 suaev
1329 1385 1475 1432 dignam
1501 1384 1652 1422 reddere
1676 1390 1864 1425 rationem.
1890 1389 2009 1426 Debet
2038 1389 2143 1435 igitur

1127 1435 1191 1482 effe
1204 1434 1359 1485 praesens
1378 1438 1411 1472 is
1433 1461 1448 1480 1,
1476 1445 1598 1472 eontra
1619 1448 1718 1484 quem
1739 1436 1917 1483 facienda
1942 1435 1986 1482 esi
2008 1434 2145 1486 inquisi-

1126 1491 1196 1531 tio,
1207 1483 1310 1530 nisise
1322 1497 1387 1534 per
1413 1487 1665 1522 contumaciam
1680 1486 1926 1532 absentaverit
1941 1501 1955 1525 .·
1981 1488 2021 1530 6
2039 1497 2145 1534 expo-

1127 1534 1244 1573 nenda
1252 1532 1335 1583 sunt
1347 1538 1380 1572 ei
1393 1533 1459 1572 illa
1473 1533 1632 1582 capitula
1648 1562 1660 1580 ‚
1690 1537 1736 1573 de
1749 1537 1876 1586 quibus
1895 1536 2008 1584 fuerit
2031 1539 2065 1574 in
2091 1540 2142 1572 ui-

1126 1585 1272 1624 rendum
1296 1611 1308 1631 ‚
1335 1595 1372 1622 ut
1405 1582 1625 1629 facultatem
1661 1586 1793 1622 habeat
1812 1580 2038 1634 defendendi
2051 1550 2144 1634 strip-

1122 1634 1202 1683 sum
1225 1662 1236 1674 .
1266 1633 1319 1672 Et
1331 1631 1514 1680 nonsoltim
1538 1633 1665 1680 dieta,
1687 1633 1877 1679 sedetiam
1906 1639 2044 1673 nomina
2063 1634 2143 1683 ipsa

1128 1683 1262 1730 testium
1276 1683 1356 1731 sunt
1375 1686 1429 1729 ei,
1457 1694 1496 1720 ut
1522 1682 1611 1731 quid
1626 1709 1641 1728 ,
1670 1686 1709 1727 (ς
1740 1686 1839 1733 eiquo
1854 1683 1899 1728 fit
1923 1685 2060 1726 dt'tflum
2085 1699 2109 1720 a
2137 1706 2150 1714 ·

1127 1746 1257 1783 pareat
1275 1761 1289 1780 „
1308 1733 1528 1783 publicanda
1542 1756 1551 1765 ·
1580 1732 1736 1771 Necnon
1755 1737 1972 1783 exceptiones.
1992 1736 2103 1783 &rep
2119 1737 2148 1770 i-

1128 1788 1282 1823 cationes
1299 1785 1461 1831 legitimae
1475 1782 1710 1821 admittendae
1725 1809 1738 1829 ,
1761 1797 1801 1822 ne
1810 1795 1873 1832 per
1890 1782 2153 1833 suppressionem

1130 1837 1299 1872 nominum
1310 1832 1538 1881 infamandi,
1560 1845 1625 1881 per
1639 1836 1875 1882 exceptionum
1889 1835 1974 1871 vero
1984 1832 2110 1880 exclusi
2113 1848 2147 1871 o-

1134 1899 1211 1923 nem
1240 1911 1253 1931 ‚
1278 1881 1475 1932 deponendi
1488 1881 1627 1930 falsum
1648 1883 1808 1922 audacia
1846 1883 2024 1921 tribuatur
2052 1912 2060 1920 .
2084 1884 2155 1922 Ad

1129 1934 1356 1983 corrigendos
1378 1937 1500 1981 itaque
1518 1930 1740 1979 subditorum
1761 1933 1915 1980 ext-effus
1941 1933 2041 1971 tanti>
2069 1933 2152 1972 dili·

1123 1984 1268 2032 gentitis
1291 1983 1396 2020 debet
1424 1981 1606 2020 Praelatus
1617 1983 1790 2031 assurgere
1807 2010 1819 2029 ‚
1848 1983 1980 2032 quanto
1997 1983 2156 2021 damnare

1129 2033 1237 2071 bilius
1257 2046 1371 2070 eorum
1391 2030 1542 2079 offensas
1554 2029 1730 2079 desereret
1748 2033 1958 2072 incorret'las
1977 2058 1984 2067 -
2012 2035 2151 2073 Contra

1129 2098 1214 2131 quos
1241 2084 1257 2129 (
1282 2093 1319 2119 ut
1335 2082 1381 2119 de
1403 2083 1548 2129 notorijs
1576 2082 1762 2129 exccffibus
1787 2085 1977 2133 taceatur)
2004 2084 2067 2131 etfi
2091 2088 2155 2123 m·-

1130 2134 1195 2170 bus
1210 2133 1323 2170 modis
1343 2130 1440 2181 poffit
1462 2132 1631 2180 procedi,
1654 2145 1719 2182 per
1743 2132 2005 2182 accusationem
2020 2135 2150 2173 videli-

1128 2193 1182 2220 cet
1197 2210 1212 2230 ,
1233 2183 1533 2220 denunciationem
1547 2208 1560 2228 ,
1571 2183 1612 2226 &-
1625 2183 1874 2234 inquisitionem
1883 2196 2020 2232 eorum;
2045 2197 2083 2223 ut
2092 2197 2150 2224 ta·

1129 2246 1208 2269 men
1216 2235 1250 2270 in
1259 2232 1412 2269 omnibus
1423 2231 1574 2280 diligens
1589 2233 1807 2272 adhibeatur
1819 2235 1985 2281 cautela,
2002 2248 2044 2272 ne
2052 2235 2151 2282 sorte

1124 2294 1189 2330 per
1213 2282 1294 2319 leve
1319 2281 1561 2330 compendium
1576 2282 1631 2319 ad
1648 2297 1766 2332 gra-ve
1780 2283 2006 2333 dispendium
2020 2289 2144 2323 venia-

1127 2343 1184 2367 tur
1207 2346 1219 2369 :
1247 2331 1337 2376 sicut
1373 2329 1631 2377 accusationem
1662 2334 1820 2381 legitima
1844 2333 2042 2382 praeeedere
2082 2335 2146 2372 de-

1127 2380 1182 2416 bet
1197 2379 1373 2429 inscriptio
1383 2379 1454 2428 ‚·sic
1463 2381 2005 2421 denunciatio-nechharitativa
2020 2383 2074 2420 ad
2077 2399 2145 2422 ma-

1126 2432 1210 2466 m'tt'o
1226 2457 1238 2476 ,
1266 2428 1565 2476 &inquisitionem
1590 2430 1789 2476 clamorosa
1801 2431 1986 2476 insinuatio
2007 2444 2144 2482 praeve-

1124 2482 1198 2516 nire
1213 2493 1230 2527 ;
1256 2479 1314 2516 illo
1330 2478 1469 2527 semper
1491 2478 1654 2517 adhibito
1678 2482 1916 2520 moderamine
1941 2508 1960 2528 ,.
1976 2493 2015 2519 ut
2033 2485 2145 2530 juxta

1118 2528 1275 2575 formam
1295 2527 1424 2578 judicij
1441 2526 1625 2575 sententia·
1647 2545 1780 2580 quoque
1796 2530 1921 2578 forma
1954 2532 2110 2570 dictetur
2134 2561 2146 2569 .

1128 2579 1232 2616 Hunc
1251 2589 1370 2615 tamen
1391 2577 1550 2614 ordinem
1571 2582 1666 2616 circa
1678 2580 1877 2628 Regulares
1897 2580 2066 2628 personas
2079 2597 2149 2620 non

1124 2629 1301 2666 credimus
1323 2626 1568 2676 usquequaque
1575 2625 1796 2672 servandum
1813 2657 1825 2676 ‚
1848 2630 2013 2680 quaectim
2034 2633 2147 2679 causa

1125 2681 1274 2727 requirit
1291 2703 1304 2724 ‚
1322 2675 1477 2724 facilids
1500 2679 1540 2719 ά·
1563 2676 1711 2717 liberius
1726 2695 1752 2718 a
1759 2679 1836 2728 suis
1843 2678 1976 2728 poffunt
1987 2681 2143 2720 admini-

1123 2728 1348 2774 slrationibus
1366 2730 1523 2764 amoveri
1537 2753 1546 2762 .
1575 2727 1764 2769 Refertur
1774 2745 1804 2769 c.
1816 2734 1980 2779 qualiter
1994 2733 2071 2778 ‚de
2080 2746 2141 2771 ac·

1124 2777 1292 2817 cusatio.
1807 2787 1810 2790 ”

1172 2830 1270 2869 Can.
1288 2828 1337 2867 X.
1354 2829 1457 2867 Inter
1465 2841 1595 2868 caetera
1606 2843 1680 2879 quae
1695 2830 1903 2877 adsalutem
1912 2828 2076 2878 speflant
2082 2842 2144 2881 po..

1119 2881 1197 2926 puli
1207 2878 1242 2916 C
1245 2878 1409 2923 brilliani
1419 2906 1431 2925 ,
1447 2879 1616 2928 pabulum
1631 2879 1742 2917 Verbi
1756 2881 1830 2917 Dei
1836 2882 2056 2929 permaxime*
2080 2895 2141 2919 no-

1115 2933 1229 2977 scitur
1236 2926 1264 2973 si
1266 2927 1299 2964 bi
1309 2928 1372 2973 esse
1382 2929 1495 2976 neceff
1490 2933 1606 2966 arium
1614 2943 1630 2977 ;
1647 2932 1732 2978 quia
1742 2928 1829 2974 sicut
1839 2941 1962 2977 corpus
1972 2934 2145 2969 materia.

1122 2980 1150 3017 li
1165 3007 1177 3026 ,
1197 2978 1247 3024 fic
1267 2981 1388 3015 anima
1395 2977 1581 3028 spirituali
1601 2978 1676 3017 cibo
1695 2984 1867 3017 nutritur:
1902 2978 1947 3016 ebz
1960 2980 2057 3029 quod
2071 2995 2139 3019 non

1121 3031 1157 3066 in
1173 3028 1245 3076 folo
1262 3038 1357 3075 pane
1380 3031 1477 3066 vivit
1499 3029 1615 3073 bomo,
1636 3027 1705 3075 sed
1718 3031 1865 3065 inomni
1888 3030 2024 3076 verbo,
2046 3032 2142 3080 quod

1116 3078 1280 3128 procedit
1307 3077 1354 3114 de
1378 3090 1434 3115 ore
1463 3078 1562 3116 Dei.
1586 3076 1699 3115 Unde
1720 3076 1798 3115 etim
1812 3077 1903 3126 saepe
1928 3084 2104 3130 contingat
2129 3108 2142 3127 ,

1119 3128 1217 3178 quod
1232 3125 1400 3175 Episcopi
1407 3138 1551 3177 propter
1559 3130 1799 3176 occupationes
1813 3127 2027 3176 multiplices
2040 3157 2055 3177 ‚
2081 3131 2142 3168 vel

1119 3178 1348 3215 valetudines
1370 3177 1565 3226 corporales
1588 3203 1600 3222 ,
1635 3177 1692 3214 vel
1714 3175 1851 3223 hostiles
1874 3179 2056 3226 incursus,
2078 3179 2142 3228 seu

1119 3227 1309 3272 occasiones
1337 3226 1458 3272 alias,
1478 3226 1498 3270 (
1511 3240 1551 3263 ne
1563 3226 1727 3265 dicamus
1750 3226 1929 3273 des'ec‘lum
1941 3227 2098 3276 scientiae
2130 3257 2143 3277 ,

1118 3278 1211 3328 quod
1237 3280 1273 3313 in
1295 3278 1346 3313 eis
1370 3274 1416 3320 cll
1439 3276 1700 3325 reprobandum
1719 3277 1856 3314 omnint)
1877 3305 1889 3324 ‚
1915 3291 1977 3316 nec
2002 3280 2048 3316 de
2075 3291 2141 3316 cae-

1119 3339 1191 3366 tero
1198 3324 1418 3364 tolerandum
1423 3328 1444 3372 )
1453 3337 1519 3375 per
1522 3326 1541 3372 s
1543 3321 1620 3374 eips
1619 3340 1655 3362 os
1669 3340 1729 3362 non
1739 3325 1916 3373 sufficiunt
1938 3328 2137 3373 ministrare

1115 3375 1242 3427 populo
1250 3375 1406 3413 Verbum
1416 3377 1497 3421 Dei
1509 3402 1521 3422 ‚
1545 3376 1697 3412 maxime
1706 3387 1770 3424 per
1797 3377 1940 3427 amplas
1954 3377 2141 3425 Dioeccses

1119 3430 1159 3471 (ς
1185 3424 1341 3471 diffusas
1357 3451 1370 3472 ,
1388 3425 1548 3473 generali
1568 3423 1986 3474 constitutionesancimus
1999 3455 2011 3474 ,
2038 3439 2076 3466 ut
2087 3428 2143 3467 E-

1113 3472 1244 3526 piscopi
1259 3479 1359 3511 viros
1370 3476 1511 3513 idoneos
1525 3475 1577 3512 ad
1588 3473 1618 3512 S
1620 3475 1720 3520 anc‘ie
1729 3475 1981 3521 predicationis
1995 3478 2140 3524 officium

0 3504 43 3575 ¹⁴⁶}-
55 3534 147 3574 pare
173 3552 187 3571 ,
219 3528 303 3574 quin
320 3527 430 3561 etiam
451 3525 628 3562 interdum
644 3525 860 3574 suspendere
883 3551 894 3570 ‚
919 3538 1072 3561 nonnun-
1110 3526 1303 3576 salubriter
1314 3525 1552 3574 exequendum
1562 3524 1753 3571 assumant,
1765 3537 1924 3573 potentes
1937 3530 1972 3564 in
1984 3540 2083 3576 opere
2098 3529 2138 3568 (5

46 3534 168 3626 iquam
191 3587 274 3611 vero
295 3572 407 3621 ligare
417 3586 432 3620 ;
446 3572 652 3622 frequenter
672 3576 791 3613 odium
812 3575 993 3612 multorum
1017 3577 1072 3612 in·
1107 3575 1262 3624 sermone
1279 3601 1291 3619 ,
1317 3576 1379 3622 qui
1391 3575 1513 3621 plebes
1529 3572 1799 3622 sibicommiffas
1813 3579 1891 3615 vice
1900 3576 2050 3626 ipsorum
2061 3575 2139 3612 cum

0 3631 7 3644 ·
50 3635 225 3672 &cur-runt,
250 3621 451 3667 &insidias
463 3626 667 3671 patiuntur.
688 3625 777 3663 Ideo
792 3623 909 3674 sanai
930 3627 1067 3662 Patres
1111 3623 1221 3675 perse
1236 3624 1331 3660 idem
1341 3625 1523 3672 nequiveri
1580 3650 1591 3668 ,
1603 3622 1751 3670 sollicite*
1760 3624 1948 3664 visitantes
1963 3636 2137 3672 ,easver-

0 3686 8 3707 θ
51 3675 205 3722 soractae
241 3672 444 3720 statuerunt
462 3698 475 3721 ,
516 3685 555 3710 ut
596 3673 776 3722 accusatio
828 3674 1067 3712 Praelatorum
1118 3677 1158 3714 bo
1170 3672 1528 3722 aedt'ficent&exemp
1545 3684 1575 3719 ος
1589 3674 1714 3722 quibus
1726 3674 1789 3727 ipsi
1806 3702 1816 3720 ,
1830 3675 1909 3713 etim
1923 3676 2137 3720 indiguerint

24 3733 27 3735 '
53 3727 56 3758 l

1127 3741 1129 3744 r
1714 3722 1730 3756 I
1741 3733 1751 3755 ι
1973 3733 2100 3765 congrue
